2467 3917
753 401 837 463 In
877 405 1318 471 Annunciatione
1356 412 1521 475 Doni„

647 564 878 628 Mundo
946 572 1281 650 redemptor
1320 581 1419 655 qui
1461 583 1637 654 venis,

645 648 768 720 Fili,
811 652 911 709 tibi
954 654 1076 712 laus
1118 660 1373 718 maxima

611 765 614 768 ⁴
643 729 797 793 Cum
839 733 1038 794 Patre:
1097 756 1206 796 nee
1247 742 1350 800 tibi
1391 744 1579 803 minor

644 811 816 886 Laus,
859 817 1153 894 utriusque
1197 821 1457 898 Spiritus.

909 1190 1004 1265 Al?
1044 1190 1315 1241 LAUDES.

636 1378 874 1440 Pulsum
917 1388 1177 1462 supernis
1219 1392 1470 1466 sedibus,

637 1461 875 1523 Umbris
917 1475 1000 1525 tot
1041 1486 1224 1530 annos
1267 1475 1538 1548 obsitum,

635 1543 917 1605 Coelestis
958 1550 1222 1625 ignarum
1264 1556 1403 1628 viae,

632 1624 872 1686 Errabat
912 1629 1230 1691 humanum
1273 1651 1488 1710 genus*
1516 1650 1519 1653 ’

630 1788 914 1850 Coelestis
956 1811 1030 1851 en
1072 1794 1203 1855 Rex
1247 1800 1451 1873 curiae,

625 1868 706 1928 Ut
747 1884 1025 1933 monstret
1067 1877 1142 1935 ad
1184 1881 1412 1940 coelum
1454 1884 1604 1943 viam

627 1951 951 2031 Secumque
995 1958 1164 2017 ducat
1205 1963 1419 2036 exules,

625 2033 702 2092 Se
745 2046 952 2111 sponte
995 2038 1126 2098 fecit
1168 2044 1412 2104 exulem.

625 2195 700 2254 Se
743 2197 920 2258 deviis
961 2204 1197 2276 praebet
1239 2204 1465 2279 ducem,

619 2274 786 2338 Vires
829 2281 926 2339 dat
968 2285 1423 2361 ambulantibus;

619 2358 725 2418 Est
766 2361 891 2437 ipse
935 2381 1050 2440 qua
1093 2367 1248 2426 ducit
1289 2371 1379 2428 via
1394 2389 1411 2442 ;

619 2440 757 2512 Quo
800 2444 970 2517 ducit,
1014 2447 1139 2523 ipse
1180 2453 1473 2512 terminus.

614 2602 793 2677 Deus,
838 2625 1108 2683 suprema
1148 2610 1392 2686 VeritaS,

615 2684 896 2746 Umbrata
937 2691 1064 2748 velo
1105 2697 1377 2770 corporis,

613 2766 775 2826 Puris
816 2771 1061 2829 videnda
1102 2778 1406 2849 mentibus,

612 2846 818 2908 Lustra
858 2862 958 2911 tuo
999 2871 1107 2912 nos
1146 2856 1378 2917 lumine.

605 3009 681 3067 Et
722 3020 800 3083 tu,
841 3018 1070 3074 tuorum
1113 3010 1191 3077 'sis
1231 3038 1472 3095 memor,

609 3089 795 3165 Quae,
840 3095 979 3154 dum
1020 3099 1289 3161 modesto
1327 3115 1561 3179 pectore

609 3171 702 3230 Te
746 3175 886 3235 dicis
929 3180 1191 3238 ancillam
1232 3182 1364 3257 Dei,

610 3252 838 3331 Regina
878 3262 1079 3320 mundi
1121 3263 1341 3324 diceris,

1254 3363 1280 3403 1
1314 3365 1343 3404 2

1818 436 1926 498 115¹
