2467 3917
599 403 712 475 356
918 398 999 456 In
1035 397 1197 456 Festo
1239 395 1349 457 SS.
1381 397 1551 456 Petri
1582 404 1633 455 et
1668 396 1863 457 Pauli.

916 563 1064 619 Pura
1105 563 1212 620 sibi
1254 571 1456 637 aptans
1495 560 1832 632 habitacula,

915 643 1338 702 Char-ismatum
1381 651 1436 700 et
1476 660 1715 701 munera

916 725 1246 784 Pectoribus
1286 725 1492 782 nostris
1532 724 1662 800 pius
1704 724 1984 793 infundat,

914 807 1048 864 Vita
1089 817 1282 865 nostra
1323 806 1375 864 ei
1417 814 1477 862 ut
1518 806 1872 881 complaceat

917 888 1024 946 Per
1065 889 1422 946 saeculorum
1465 887 1704 945 saecula.

919 969 1364 1027 Conclamemus
1407 967 1641 1039 alleluia,

923 1050 1005 1109 Sit
1046 1050 1176 1109 Deo
1218 1051 1358 1121 lauS‚
1401 1058 1669 1125 potestaS,

918 1131 1143 1203 Honor,
1186 1133 1373 1202 virtus,
1416 1141 1472 1189 et
1511 1132 1707 1207 gloria.

798 1473 884 1531 IN
927 1472 1187 1531 FESTO
1232 1472 1334 1531 SS.
1377 1471 2002 1532 APOSTOLORUM

1045 1610 1293 1668 PETRI
1333 1610 1444 1668 ET
1461 1610 1747 1671 ·PAULI.

1000 1829 1091 1871 AD
1133 1826 1365 1873 PRIMAS
1409 1828 1729 1873 VESPERAS.

686 1973 842 2031 Felix
884 1992 986 2049 per
1028 1992 1231 2032 omnes
1275 1973 1484 2031 festum
1525 1974 1724 2031 mundi
1766 1975 2028 2033 cardines

684 2055 1094 2130 Apostolorum
1136 2055 1448 2131 praepollet
1489 2056 1742 2114 alacriter

683 2135 832 2194 Petri
873 2137 1039 2207 beati,
1084 2136 1243 2194 Pauli
1285 2137 1663 2208 sacratissimi,

685 2216 850 2288 Quos
893 2217 1150 2276 Christus
1193 2218 1347 2276 almo
1389 2219 1736 2276 consecravit
1777 2219 2077 2293 sanguine,

684 2298 1068 2357 Ecclesiarum
1111 2300 1399 2375 deputavit
1441 2300 1739 2376 principes.

688 2459 770 2517 Hi
812 2470 942 2519 sunt
984 2460 1164 2519 olivae
1206 2462 1354 2520 duae
1397 2479 1592 2520 coram
1634 2461 1906 2532 Domin0,

687 2541 761 2598 Et
803 2542 1143 2601 candelabra
1182 2543 1310 2601 luce
1351 2544 1642 2615 radiantia,

688 2622 982 2681 Praeclara
1021 2625 1166 2682 coeli
1208 2624 1326 2683 duo
1368 2625 1680 2696 luminaria,

687 2704 877 2762 Fortia
920 2706 1143 2763 solvunt
1184 2716 1550 2782 peccatorum
1592 2706 1828 2776 vincula,

688 2785 886 2846 Portas
930 2785 1163 2863 Olympi
1204 2798 1459 2846 reserunt
1500 2787 1777 2846 fidelibus,

688 2946 922 3006 Habent
966 2966 1239 3024 supernas
1280 2960 1625 3026 potestatem
1667 2949 1929 3009 claudere

690 3028 967 3087 Sermone
1010 3031 1193 3102 sedeS,
1237 3033 1489 3107 pandere
1533 3032 1890 3108 splendentia

645 3139 664 3162 x
689 3109 916 3170 Limina
956 3112 1073 3186 poli
1115 3131 1286 3189 super
1328 3115 1440 3172 alta
1481 3114 1684 3184 sidera,

687 3191 948 3267 Linguae
991 3211 1189 3251 eorum
1231 3194 1418 3253 claves
1462 3196 1607 3254 coeli
1651 3195 1833 3253 factae
1876 3204 2025 3264 sunt,

687 3271 899 3333 Larvas
941 3276 1230 3358 repellunt*
1261 3276 1405 3334 ultra
1446 3277 1648 3336 mundi
1690 3277 1943 3335 limitem.
