2467 3917
525 411 637 467 286
1031 402 1109 462 In
1148 402 1313 464 Festo
1352 396 1416 462 S.
1438 402 1617 461 Petri.

842 570 897 629 O
939 587 1087 638 vera,
1133 566 1376 638 Christe,
1420 568 1681 638 charitaS‚

840 651 939 709 Tu
979 659 1175 712 nostra
1215 667 1401 728 purga
1442 649 1695 718 crimina,

846 732 943 790 Tu
982 732 1166 790 corda·
1200 731 1358 809 reple
1401 732 1599 807 gratia,

841 813 938 872 Tu
978 813 1154 873 redde
1195 812 1342 872 coeli
1383 813 1653 896 praemia.

839 977 1005 1046 Patri,
1050 976 1334 1052 simulque
1376 975 1537 1040 Filio,

835 1057 1087 1133 Tibique
1129 1066 1327 1116 sancte
1371 1057 1627 1132 SpirituS,

838 1139 997 1197 Sicut
1038 1139 1161 1211 fuit,
1205 1140 1278 1198 sit
1314 1140 1524 1215 jugiter

837 1220 1105 1280 Saeclum
1145 1239 1251 1297 per
1291 1238 1467 1278 omne
1508 1218 1705 1295 gloria.

1024 1398 1116 1442 AD
1158 1397 1596 1443 MATUTINUM.

834 1525 1023 1584 Maria
1064 1526 1238 1585 castis
1280 1525 1494 1584 osculis

834 1607 1066 1665 Lambit
1106 1606 1221 1665 Dei
1264 1607 1536 1681 vestigia:
1557 1657 1575 1680 ,

834 1687 1000 1747 Fletu
1039 1689 1201 1765 rigat,
1245 1689 1414 1766 tergit
1456 1687 1660 1757 comis,

835 1769 1081 1829 Detersa
1122 1769 1304 1828 nardo
1346 1769 1586 1845 perlinit.

836 1932 970 1990 Deo
1013 1932 1167 1991 Patri
1210 1932 1282 1992 sit
1322 1931 1521 2007 gloria,

832 2013 1095 2090 Ejusque
1139 2014 1248 2074 soli
1290 2013 1457 2083 Filio,

833 2095 988 2153 Cum
1034 2094 1246 2171 Spiritu
1287 2093 1569 2171 Paraclito

832 2175 1025 2248 Nunc,
1070 2187 1126 2235 et
1167 2194 1273 2252 per
1313 2193 1489 2234 omne
1531 2174 1842 2234 saeculum.

1106 2503 1195 2563 IN
1241 2501 1505 2561 FESTO

827 2624 883 2683 S.
927 2623 1177 2684 PETRI
1221 2623 1338 2681 AD
1381 2619 1770 2694 VINCULA.

1069 2817 1161 2860 AD
1205 2814 1533 2860 VESPERAS.

662 2938 826 2997 Miris
868 2937 1060 2995 modis
1100 2946 1339 3013 repente
1380 2937 1537 3004 liber,
1582 2937 1765 2995 ferrea

659 3020 886 3079 Christo
924 3019 1161 3095 jubente
1202 3018 1389 3077 vincla
1430 3018 1631 3078 Petrus
1675 3017 1863 3075 exuit:

659 3101 838 3161 Ovilis
881 3100 973 3157 ille
1016 3099 1227 3178 pdstor,
1275 3109 1331 3158 et
1371 3109 1557 3159 rector
1598 3100 1806 3176 gregiS,

654 3183 823 3242 Vitae
866 3181 1101 3241 recludit
1142 3200 1376 3259 pascua,
1419 3191 1476 3240 et
1517 3181 1706 3241 fontes
1750 3197 1961 3245 sacros,

656 3264 924 3342 Ovesque
968 3273 1150 3324 servat
1192 3264 1453 3335 creditas,
1497 3272 1651 3322 arcet
1692 3262 1878 3337 lupos.
