2467 3917
544 378 656 417 100
742 392 751 405 ι
1010 352 1091 412 In
1132 352 1296 412 Festo
1341 352 1651 411 Trinitatis.

864 518 970 576 Est
1010 527 1163 576 totus
1205 517 1266 574 in
1304 516 1461 575 Nato
1505 516 1687 586 Pater,

864 600 936 657 In
977 599 1144 657 Patre
1185 607 1340 656 totus
1382 598 1593 671 Filius3

867 681 925 739 N
926 691 1139 757 atoque
1177 680 1384 756 plenus
1427 698 1495 737 ac
1538 680 1703 739 Patre

873 763 1032 838 Inest
1074 762 1298 837 utrique
1344 761 1600 838 SpirituS.

873 924 1053 997 Quod
1090 923 1277 984 Natus
1320 935 1423 996 est,
1465 924 1577 983 hoc
1621 926 1894 1003 Spin'tus;

876 1007 1014 1065 Hoc
1055 1014 1142 1064 est
1180 1016 1422 1083 uterque
1464 1008 1623 1083 quod
1665 1008 1865 1067 Pater:

879 1087 1028 1146 Tres
1067 1106 1184 1146 una
1227 1107 1457 1147 summa
1496 1089 1756 1149 Veritas:

879 1168 1028 1231 Tres
1068 1188 1184 1229 una
1226 1188 1455 1229 summa
1497 1170 1735 1249 Caritas

876 1334 1129 1391 Aeterna
1170 1333 1339 1392 Patri
1365 1332 1564 1409 gloria,

881 1415 1151 1493 Natoque
1195 1416 1266 1474 sit
1308 1433 1442 1473 cum
1487 1416 1712 1492 Spiritu,

885 1496 1004 1569 Qui
1044 1498 1175 1554 vivit
1217 1506 1274 1555 et
1313 1508 1514 1573 regnat
1556 1488 1717 1556 De⁴us

884 1579 955 1639 In
996 1578 1323 1641 seculorum
1363 1580 1569 1638 secula.

725 1879 813 1936 IN
860 1877 1121 1944 FESTO
1182 1878 1595 1939 CORPORIS
1648 1877 2006 1945 CHRISTI.

1033 2025 1124 2068 AD
1169 2025 1478 2069 OFFICIUM
1522 2026 1711 2070 Nocr.

736 2147 923 2205 Sacris
968 2142 1261 2204 solemniis
1297 2146 1496 2221 juncta
1535 2146 1649 2204 sint
1688 2147 1913 2221 gaudia,

735 2229 811 2287 Et
851 2247 922 2286 ex
962 2224 1311 2303 praecordiis
1352 2237 1560 2285 sonent
1599 2230 1935 2303 praeconia:

740 2307 1036 2369 Recedant
1076 2320 1282 2380 vetera,
1324 2327 1475 2367 nova
1516 2309 1629 2367 sint
1671 2312 1882 2380 omnia,

901 2390 1110 2463 Corda,
1153 2409 1343 2460 voces,
1385 2400 1442 2448 et
1482 2409 1675 2467 opera.

746 2553 949 2611 Noctis
991 2553 1254 2612 recolitur
1296 2570 1478 2611 coena
1519 2555 1846 2625 novissima,

748 2634 884 2706 Qua
926 2634 1184 2692 Christus
1226 2634 1471 2693 creditur
1511 2654 1728 2710 agnum
1770 2646 1826 2694 et
1868 2653 2069 2711 azyma

747 2716 994 2774 Dedisse
1036 2716 1315 2781 fratribus,
1354 2717 1517 2792 juxta
1557 2716 1810 2792 legitima

911 2797 1119 2855 Priscis
1159 2797 1378 2856 indulta
1417 2799 1688 2873 patribus.

753 2959 891 3018 Post
932 2978 1148 3036 agnum
1188 2961 1461 3036 typicum,
1506 2962 1744 3038 expletis
1788 2962 1986 3038 epulis,

755 3042 982 3118 Corpus
1024 3041 1399 3100 Dominicurn
1442 3043 1639 3101 datum
1683 3043 1989 3120 discipulis,

755 3123 849 3182 Sic
890 3134 1075 3182 totum
1117 3124 1402 3190 omnibuS,
1447 3127 1605 3201 quod
1647 3136 1833 3184 totum
1876 3124 2130 3201 singulis,

911 3205 1055 3283 Ejus
1084 3206 1327 3266 fatemur
1366 3207 1647 3267 manibus
