2467 3917
683 445 760 503 In
817 442 1125 503 Vtkitatione
1162 441 1242 502 B.
1282 441 1376 503 M
1436 442 1495 503 V.

614 608 1035 667 Absconditum
1078 607 1185 665 sub
1227 607 1430 666 intimo

617 689 743 748 Ceu
783 689 952 761 nube,
995 688 1268 765 portabas
1310 690 1439 748 sinu

618 770 829 841 Solem,
873 789 981 830 suo
1022 771 1121 847 qui
1162 769 1423 846 protinus

616 852 902 910 Lustrabit
942 852 1144 911 orbem
1185 852 1417 911 lumine.

524 1056 529 1061 ·
613 1012 840 1072 Mundo
880 1012 1209 1091 redemptor
1248 1015 1348 1091 qui
1388 1015 1564 1086 venis,

614 1096 735 1166 Fili,
777 1095 879 1154 tibi
920 1095 1044 1155 laus
1084 1097 1340 1154 maxima

614 1176 765 1235 Cum
806 1176 1004 1236 Patre:
1061 1195 1169 1236 nec
1210 1177 1313 1235 tibi
1353 1178 1540 1235 minor

612 1257 785 1330 Laus,
825 1259 1118 1335 utriusque
1162 1257 1420 1335 Spiritus,

756 1577 848 1619 AD
890 1575 1197 1621 OFFICIUM
1241 1577 1430 1622 NOCT.

613 1790 862 1862 Montes,
906 1792 1219 1868 superbum
1261 1794 1547 1866 verticem,

613 1873 750 1945 Qua
787 1872 970 1949 Virgo
1012 1875 1224 1946 transit,
1270 1876 1511 1947 subdite,

615 1955 724 2013 Cui
766 1973 829 2014 se
870 1955 1108 2013 libenter
1151 1965 1462 2017 sternerent

615 2035 725 2095 Vel
765 2036 891 2112 ipsa
931 2036 1076 2095 coeli
1119 2036 1323 2096 sidera.

616 2197 858 2258 Occulta
899 2217 1048 2276 quae
1089 2199 1223 2258 latet
1265 2200 1440 2272 domi,

614 2281 807 2339 Audet
847 2280 1001 2341 foras
1043 2299 1106 2340 se
1146 2282 1421 2356 prodere:

619 2361 858 2438 Semper
899 2363 1008 2421 sibi
1048 2362 1258 2420 timens
1299 2364 1488 2438 pudor

618 2442 692 2501 Se
733 2445 962 2502 caritate
1003 2444 1269 2520 protegit.

615 2606 667 2665 It
707 2606 818 2678 illa,
859 2624 979 2665 non
1019 2607 1193 2665 nectit
1232 2624 1460 2665 moras:

614 2687 782 2762 Fugit
822 2688 1012 2759 videri,
1053 2706 1161 2746 nec
1202 2689 1393 2747 minus

615 2768 785 2844 Fugit
825 2770 1015 2840 videri,
1058 2787 1133 2828 ne
1175 2788 1284 2828 suo

614 2849 950 2928 Quidquam
990 2851 1197 2927 pudori
1239 2850 1511 2910 detrahat.

615 3012 793 3071 Beata
832 3031 1008 3090 quam
1048 3014 1253 3090 pressit
1292 3015 1461 3091 pede,

615 3093 846 3153 Tellus!
901 3096 1069 3153 beata
1109 3096 1344 3155 semita!

616 3174 809 3234 Colles
849 3177 1019 3248 beati,
1060 3177 1161 3253 qui
1203 3178 1373 3236 simul

620 3256 772 3317 Cum
810 3267 991 3317 matre
1033 3259 1288 3318 sensistis
1329 3259 1555 3317 Deum!

1776 464 1887 522 Ι33
