2467 3917
729 403 806 460 In
847 401 1157 472 Natr’vz‘tate
1198 400 1263 462 S.
1279 400 1542 479 soanntlr.

855 650 948 692 AD
985 621 1428 692 *mur-rmum.

501 772 686 830 Antra
727 770 935 830 deserti
976 768 1185 828 teneris
1228 770 1337 828 sub
1380 770 1564 840 annis

501 855 727 913 Civium
767 863 983 911 turmas
1025 851 1272 927 fugiens,
1314 852 1520 929 petisti,

502 936 595 994 Ne
637 936 745 993 levi
786 950 991 1012 posses
1032 931 1331 992 maculare.
1362 934 1536 991 vitam

660 1016 915 1075 Crimine
956 1015 1201 1091 linguae.

498 1177 767 1239 Praebuit
807 1178 1015 1237 durum
1056 1187 1332 1254 tegumen
1374 1170 1625 1235 camelus

497 1262 753 1320 Astubus
796 1260 989 1330 sacris,
1032 1257 1354 1337 strophium
1394 1258 1694 1328 bidentes;

494 1342 606 1401 Cui
643 1341 798 1401 latex
838 1342 1125 1412 haustum,
1169 1342 1387 1400 sociata
1427 1349 1658 1419 pastum

658 1420 838 1481 Mella
875 1421 1129 1480 locustis.

500 1586 691 1645 Ceteri
733 1594 955 1642 tantum
995 1583 1254 1642 cecinere
1294 1583 1513 1642 Vnum

497 1667 690 1727 Corde
732 1683 1014 1745 praesago
1052 1665 1219 1743 jubar
1260 1663 1602 1735 affuturum

496 1749 592 1807 Tu
633 1748 867 1826 quidem
910 1748 1126 1806 mundi
1153 1748 1341 1807 scelus
1383 1746 1733 1806 auferentem

658 1829 857 1888 Indice
900 1829 1115 1907 prodis.

496 1994 637 2052 Non
679 1993 782 2051 fuit
822 1992 964 2051 vasti
1007 1991 1258 2069 spatium
1299 2010 1402 2069 per
1442 1987 1598 2050 Orbis

498 2075 757 2135 Sanctior
799 2075 1104 2151 quisquam
1144 2074 1374 2149 genitus
1415 2072 1661 2150 Joanne‚

494 2158 612 2229 Qui
653 2156 817 2215 nefas
859 2156 1032 2216 saecli
1072 2155 1282 2214 meruit
1321 2155 1606 2214 lavantem

656 2237 913 2314 Tingere
952 2236 1219 2315 lymphis,

498 2401 582 2459 Sit
624 2401 800 2460 decus
841 2399 1012 2471 Patri,
1054 2399 1402 2476 genitaeque
1444 2397 1614 2469 Proli‚

492 2482 569 2540 Et
609 2484 709 2540 tibi
750 2497 991 2558 compar
1029 2481 1324 2556 utriusque
1365 2480 1536 2537 virtus

495 2564 735 2642 Spiritus
778 2580 1023 2640 semper,
1065 2562 1227 2621 Deus
1271 2575 1420 2619 unus
1463 2562 1624 2619 omni

657 2644 967 2721 Temporis
1009 2659 1169 2702 aevo.

926 2893 1019 2936 AD
1063 2890 1335 2935 LAUDES.

491 3019 548 3080 O
590 3018 761 3078 nimis
802 3016 956 3088 felix,
998 3015 1300 3091 meritique
1341 3014 1496 3086 celsi,

494 3099 777 3161 Nesciens
817 3098 1009 3158 labem
1047 3098 1198 3155 nivei
1241 3096 1494 3175 pudoris,

492 3183 847 3259 Praepotens
882 3187 1116 3254 martyr,
1158 3193 1578 3255 nemorumque
1621 3177 1819 3249 cultor,

654 3263 914 3322 Maxime
955 3270 1166 3320 vatum.

1836 406 1943 477 283
