2467 3917
820 418 869 477 I
860 441 898 477 n
926 418 1043 478 Die
1063 420 1406 480 Pentecoste&
1796 427 1912 500 389

312 581 506 655 Atque
547 591 892 658 potestatem
920 585 1151 643 laxandi
1180 587 1421 644 crimina
1462 595 1775 662 praestans,

393 661 725 739 Discipulos
764 668 974 742 pariter
1014 685 1189 744 posse
1231 669 1408 743 ligare
1451 669 1624 727 dedit.

312 744 495 816 Salve,
538 746 638 804 dvc.

315 907 399 965 Ite
442 927 640 966 meum
681 928 896 969 nomen
939 930 1041 986 per
1082 921 1270 970 totum
1312 915 1580 988 gentibus
1621 914 1841 985 orbem,

391 989 580 1048 Dicite
623 992 986 1051 credentibus
1024 995 1319 1052 notificare
1359 995 1570 1056 Deum.

313 1071 495 1143 Salve,
537 1073 637 1131 dvc,

313 1234 387 1291 Et
430 1237 528 1310 qui
571 1237 888 1307 crediderit,
932 1247 987 1294 et
1031 1256 1206 1312 quem
1249 1239 1607 1314 baptismatis
1645 1240 1803 1299 unda

314 1317 658 1457 sal'gssnxgzit
697 1319 756 1375 in
799 1318 1010 1376 Christi
1052 1321 1305 1391 nomine,
1350 1320 1538 1379 salvus
1579 1322 1698 1379 erit.

483 1445 498 1469 ‚
630 1443 642 1456 .

311 1559 509 1630 Quem
549 1562 776 1619 mittam
818 1563 999 1633 vobis,
1043 1568 1146 1621 vo's
1190 1565 1421 1639 spin'tus
1463 1564 1555 1622 ille
1598 1565 1830 1624 docebit

394 1641 465 1699 In
507 1643 717 1719 linguis
760 1646 925 1703 variis
969 1646 1163 1703 omnia
1205 1665 1381 1721 posse
1424 1646 1599 1721 loqui.

314 1722 498 1795 Salve,
542 1727 646 1782 διο.

314 1886 452 1944 Post
495 1888 793 1946 modicum
834 1889 1019 1946 veniet
1063 1890 1163 1965 qui
1205 1892 1460 1966 suggerit
1503 1892 1699 1950 omnia
1731 1893 1912 1962 vobis,

393 1968 469 2025 Et
510 1970 729 2028 visurus
772 1988 907 2028 eum
947 1971 1097 2030 vado
1140 1991 1340 2047 parare
1382 1973 1594 2031 locum.

314 2049 498 2122 Salve,
541 2052 643 2110 dvc.

313 2213 449 2271 Hoc
493 2233 626 2271 curn
671 2215 905 2273 dixisset
949 2217 1169 2275 cunctis
1213 2217 1576 2276 cernentibus
1618 2216 1778 2274 illum

312 2295 597 2435 SalNubeks
627 2298 878 2373 suscepit
917 2294 1102 2378 [eum]
1133 2300 1276 2357 dum
1310 2318 1481 2375 super
1508 2309 1662 2358 astra
1700 2300 1912 2357 meat*.

412 2396 497 2448 ve,
592 2398 640 2436 c.

654 2777 744 2835 IN
787 2777 929 2836 DIE
971 2775 1577 2836 PENTECOSTES.

315 2966 478 3023 Salve
521 2963 668 3024 festa
711 2966 850 3036 dies,
894 2976 1020 3024 toto
1062 2966 1399 3025 venerabilis
1441 2985 1601 3040 aev0‚

394 3046 530 3118 Qua
573 3046 735 3105 Deus
779 3047 851 3105 de
897 3049 1064 3106 coelo
1105 3050 1288 3123 gratia
1329 3047 1485 3107 fulsit
1526 3049 1725 3108 humo,

315 3128 498 3199 Salve,
544 3130 643 3188 dvc.

703 3292 731 3326 *
768 3290 965 3337 Delenda
996 3306 1088 3337 esse
1118 3292 1290 3339 videtur
1321 3306 1408 3339 vox
1450 3307 1562 3339 eum.
