2467 3917
720 394 797 455 In
838 395 1042 457 Decoll.
1086 395 1152 458 S.
1178 397 1441 475 soannztr.

664 733 754 777 AD
796 732 1119 778 SECUNDAS
1164 734 1487 781 VESPERAS.

440 942 726 1002 Omnibus
766 953 961 1001 manat
1002 960 1169 1001 cruor
1209 962 1346 1003 ecce
1387 947 1578 1006 venis:

440 1024 596 1083 Hinc
639 1025 790 1084 sitim
831 1025 1067 1100 longam
1108 1026 1269 1096 satia,
1310 1035 1582 1102 tyranne3

438 1105 514 1165 Et
555 1107 717 1165 cibos
758 1107 903 1164 inter
943 1115 1284 1184 paterasque
1325 1127 1472 1184 puro

603 1187 892 1265 Sanguine
932 1187 1063 1246 liba.

440 1350 521 1409 Ut
562 1361 733 1427 caput
773 1349 928 1421 vidit,
971 1349 1215 1426 dapibus
1257 1353 1486 1428 paratis,

441 1431 632 1491 Triste
674 1431 915 1490 fumanti
956 1433 1193 1490 natitare
1236 1434 1389 1505 tabo,

442 1514 663 1584 Haesit,
705 1513 963 1589 impastis
1005 1512 1347 1592 fremuitque
1389 1517 1605 1575 mensis

600 1595 839 1654 Funeris
880 1604 1094 1655 auctor.

439 1757 577 1816 Non
617 1767 811 1816 tamen
851 1756 1051 1817 frontis
1090 1758 1337 1835 gravitas
1379 1776 1614 1819 serenae

440 1838 626 1897 Cessit
667 1838 871 1896 immiti
912 1838 1118 1898 violata
1157 1838 1339 1899 ferro:

438 1919 599 1979 Dura
638 1921 882 1979 mitescit
914 1920 1151 1997 'placido
1193 1922 1302 1980 sub
1344 1939 1442 1983 ore

600 2001 807 2061 Mortis
847 2002 1058 2078 imago.

441 2164 533 2223 Sic
575 2182 682 2224 suo
721 2182 946 2222 rursum
987 2164 1149 2224 Deus
1189 2165 1342 2225 hunc
1383 2166 1602 2243 praeire

439 2245 719 2304 Nuntium
761 2245 990 2305 Christo
1026 2246 1204 2324 jubet,
1247 2245 1552 2324 inferisque

437 2327 608 2385 Ferre
650 2346 995 2404 praeconem
1036 2346 1186 2386 nova
1226 2328 1503 2389 liberandi

601 2408 830 2468 Gaudia
869 2409 1087 2468 mundi.

439 2571 557 2643 Qui
597 2570 729 2630 Deo
768 2572 972 2648 plenus
1012 2571 1209 2647 rigidis
1251 2571 1503 2630 futurum

440 2652 700 2711 Moribus
742 2652 1032 2713 Christum
1072 2654 1230 2713 rudis
1272 2650 1642 2730 exprimebat,

439 2734 652 2793 Debuit
692 2734 834 2793 dura
873 2753 1105 2812 quoque
1145 2745 1329 2794 morte
1370 2744 1554 2793 totum

601 2815 868 2875 Reddere
911 2816 1218 2877 Christum.

442 2977 682 3037 Summa
722 2978 846 3037 laus
886 2978 1055 3049 Patri,
1097 2979 1410 3056 genitoque
1451 2977 1682 3049 Verb03

440 3058 516 3118 Et
556 3061 657 3118 tibi
698 3077 951 3135 compar,
992 3061 1285 3139 utriusque
1326 3078 1508 3118 nexus

445 3139 686 3218 Spiritus
728 3159 971 3218 semper,
1014 3140 1175 3202 Deus
1216 3159 1366 3203 unus
1409 3141 1568 3201 omni

604 3221 913 3299 Temporis
954 3241 1114 3283 aevo.

1408 3319 1444 3359 1.
1477 3321 1506 3359 2

1405 3384 1414 3405 Ι

1764 417 1871 477 147
