2467 3917
574 398 579 405 ι
681 419 759 485 In
799 418 869 477 F
858 426 960 479 eslo
989 418 1256 499 Corporis
1299 419 1535 481 Christi.
1803 442 1873 479 10
1879 442 1911 495 3

630 583 704 641 In
739 601 1047 660 supremae
1088 594 1260 643 nocte
1299 603 1518 644 coenae

633 665 1006 725 Recumbens
1049 684 1184 725 cum
1225 666 1510 737 fratribuS‚

630 746 952 807 Observata
991 748 1119 823 lege
1160 749 1349 825 plene,

633 827 794 888 Cibis
836 829 896 886 in
936 829 1233 906 legalibuS,

632 909 849 969 Cibum
889 912 1088 970 turbae
1131 911 1435 970 duodenae

635 991 714 1049 Se
754 993 856 1050 dat
898 993 1017 1052 suis
1056 994 1345 1052 manibus.

634 1122 899 1181 Verbum
941 1141 1077 1182 caro
1118 1143 1332 1201 panem
1373 1142 1570 1183 verum

634 1203 838 1262 Verbo
880 1223 1115 1264 carnem
1157 1207 1360 1264 efficit:

633 1285 840 1362 Fitque
886 1288 1121 1363 sanguis
1162 1287 1377 1347 Christi
1417 1306 1679 1358 merum;

635 1367 712 1429 Et
754 1369 804 1427 si
846 1386 1050 1429 sensus
1094 1369 1301 1441 deficit,

635 1449 733 1513 Ad
774 1450 1122 1509 firmandum
1164 1470 1265 1510 cor
1306 1452 1592 1515 sincerum

636 1529 774 1589 Sola
816 1532 959 1591 fides
1002 1533 1223 1591 sufficit.

639 1658 898 1718 Tantum
939 1676 1081 1736 ergo
1125 1660 1562 1719 Sacramentum

636 1740 996 1800 Veneremur
1037 1743 1267 1814 cernui;

641 1822 718 1880 Et
758 1825 1059 1900 antiquum
1101 1824 1516 1883 documentum

643 1903 816 1967 Novo
857 1905 1024 1964 cedat
1065 1906 1230 1964 ritui:

640 1985 899 2045 Praestet
941 1987 1084 2046 fides
1127 1988 1594 2063 supplementum

643 2066 931 2127 Sensuum
972 2068 1239 2128 defectui.

641 2197 924 2271 Genitori,
964 2202 1278 2279 genitoque

643 2279 801 2339 Laus
844 2291 901 2339 et
936 2281 1215 2357 jubilatio,

648 2360 830 2433 Salus,
875 2362 1077 2434 honor,
1120 2365 1297 2423 virtus
1340 2382 1574 2441 quoque

647 2441 734 2507 Sit
775 2453 832 2501 et
872 2445 1232 2510 benedictio:

645 2521 987 2584 Procedenti
1028 2527 1101 2585 ab
1144 2536 1389 2604 utroque

651 2604 912 2682 Compar
953 2608 1025 2667 sit
1064 2609 1336 2669 laudatio,

730 2785 824 2828 AD
868 2785 1095 2834 PRECES
1143 2785 1516 2833 SEROTINAS.

884 2895 1033 2977 (Per
1075 2896 1384 2970 Octavam.)

567 3009 769 3068 Adoro
811 3019 867 3067 te
909 3009 1132 3079 devote,
1174 3008 1357 3068 latens
1400 3008 1600 3066 Deitas

566 3090 736 3163 Quae
778 3091 887 3150 sub
929 3089 1018 3149 his
1060 3089 1257 3166 figuris
1297 3108 1430 3148 vere
1471 3090 1689 3147 latitas:

571 3171 708 3231 Tibi
750 3191 814 3232 se
855 3188 1193 3249 cormeum
1234 3182 1421 3230 totum
1463 3171 1707 3246 subjicit,

566 3252 722 3326 Quia
762 3264 819 3313 te
862 3255 1261 3330 contemplans
1302 3262 1489 3312 totum
1531 3251 1734 3310 deficit.
