2467 3917
739 402 817 464 In
873 402 1076 480 Vtgt'lz'a
1115 402 1534 480 Assumptz'omk.
1830 423 1852 461 1
1866 422 1939 477 43

660 568 855 640 Quem
895 578 1026 627 tuus
1068 584 1231 626 amor
1272 567 1468 637 ebriat,

664 648 841 710 Novit
881 647 1021 725 quid
1061 649 1232 727 Jesus
1275 649 1488 724 sapiat:

667 730 862 803 Quam
902 731 1034 790 felix
1077 741 1164 790 est
1205 748 1380 807 quem
1423 731 1620 789 satiat!

665 811 804 871 Non
845 823 933 873 est
972 813 1118 871 ultra
1157 812 1318 888 quod
1360 812 1565 888 cupiat.

669 973 765 1034 Tu
806 975 936 1035 fons
976 975 1416 1045 misericordiae,

675 1054 772 1113 Tu
813 1075 943 1115 vere
986 1058 1180 1116 lumen
1221 1059 1454 1132 patriae,

671 1136 826 1197 Pelle
866 1139 1081 1197 nubem
1122 1136 1392 1209 tristitiae,

668 1218 834 1280 Dans
874 1221 1043 1280 nobis
1085 1221 1274 1279 lucem
1314 1220 1544 1297 gloriae.

1203 1399 1355 1412 *cufi—n·-

989 1521 1160 1583 AUG.
1215 1543 1311 1602 14.

414 1749 419 1753 .
528 1687 621 1746 IN
678 1688 1039 1771 VIGIL'IA
1095 1689 1778 1750 ASSUMPTIONIS

595 1822 923 1882 BEATAE
965 1823 1289 1882 MARIAE
1330 1820 1722 1881 VIRGINIS.

956 2027 1048 2070 AD
1090 2026 1359 2072 LAUDES.

522 2167 700 2239 Quod
741 2186 911 2227 carne
948 2168 1263 2239 Christum,
1306 2167 1505 2243 VirgO,
1550 2169 1719 2243 paris,
1762 2175 1968 2225 vocant

525 2248 680 2307 Hinc
721 2260 778 2308 te
819 2251 1080 2309 beatam:
1138 2251 1346 2308 rectius
1389 2267 1641 2325 occupas

522 2329 756 2389 Nomen
795 2332 1014 2402 beatae,
1057 2350 1206 2406 quae
1248 2331 1402 2388 fideli

526 2410 864 2484 Credideris,
906 2414 1003 2490 pia
1044 2413 1244 2489 Virg0,
1275 2412 1464 2471 corde.

536 2573 756 2635 Orbata
796 2575 969 2648 Nato,
1012 2594 1132 2634 non
1166 2575 1519 2633 muliebriter

529 2655 726 2717 Ploras
769 2659 1119 2736 ademptum.
1206 2656 1432 2715 Scilicet
1474 2656 1636 2715 altior

531 2736 761 2798 Tellure
803 2742 1096 2810 coelestes,
1138 2737 1496 2813 triumphans

530 2817 669 2889 Quo
708 2822 888 2892 rediit,
932 2821 1224 2880 meditaris
1268 2838 1445 2878 arces.

535 2981 768 3042 Amoris
810 2983 940 3042 illuc
981 2994 1038 3042 te
1078 2984 1224 3060 rapit
1264 2983 1546 3057 impetus:

396 3104 409 3115 „
534 3061 714 3123 Tardi
757 3065 860 3124 sed
902 3066 1133 3124 obstant
1172 3065 1397 3122 vincula
1439 3062 1714 3140 corporiS,

534 3141 829 3223 Dolesque
871 3147 1075 3205 durum
1117 3145 1389 3222 longioris

544 3227 713 3287 Exilii
753 3229 992 3288 tolerare
1034 3229 1281 3304 pondus.
