2467 3917
1009 392 1084 449 In
1125 391 1450 467 Epzphanz'a
1491 388 1738 447 Domini.

730 555 847 627 Qui
889 556 1020 614 fons
1061 556 1295 613 luminis
1332 564 1436 625 est,
1479 554 1661 629 gloria
1703 553 1890 610 Patri:

731 636 849 708 Qui
890 639 1038 696 miro
1079 655 1302 695 recreas
1345 637 1561 694 lumine
1604 645 1823 710 genteS,

732 719 1006 797 Aequalis
1048 719 1151 776 tibi
1196 720 1267 777 sit
1309 718 1506 794 gloria,
1551 717 1734 775 Nate:

738 804 1063 861 Amborum
1105 799 1302 859 similis
1344 800 1467 858 laus
1511 800 1580 858 sit
1622 799 1839 856 Amori.

1134 1160 1226 1202 AD
1275 1157 1601 1202 VESPERAS.

1846 1321 1862 1352 Ι

730 1367 866 1423 Huc
908 1383 1027 1435 vos,
1071 1382 1109 1421 o
1149 1365 1375 1421 miseri:
1420 1364 1592 1422 surda
1631 1362 1929 1437 relinquite

730 1448 898 1520 Quae
942 1446 1097 1504 caeci
1139 1446 1339 1515 colitiS,
1381 1455 1656 1520 mutaque
1698 1445 1968 1501 numina:

734 1530 807 1588 Se
851 1529 1016 1586 vobis
1059 1528 1239 1603 aperit
1282 1528 1583 1602 splendida
1625 1527 1835 1596 civitas,

895 1610 1035 1668 Veri
1078 1610 1348 1667 Numinis
1389 1609 1634 1685 hospita.

730 1776 824 1831 En
865 1784 1083 1832 vestrae
1126 1782 1401 1849 praeeunt
1443 1772 1723 1847 primitiae
1768 1770 1964 1845 Magi:

729 1857 945 1914 Vatum
987 1857 1140 1914 dicta
1180 1865 1412 1930 patent:
1458 1853 1776 1911 exitialibus

729 1939 1003 1995 Errorum
1044 1938 1293 1995 tenebris
1335 1936 1523 1994 obsita
1564 1954 1707 2010 gens
1751 1935 1866 2004 diu,

897 2019 1051 2076 Miro
1096 2019 1312 2075 lumine
1357 2018 1655 2092 spargitur.

731 2183 929 2240 Ambo
973 2182 1053 2239 sic
1096 2182 1313 2257 populi,
1356 2175 1731 2239 dissociabilis

735 2263 902 2335 Quos
946 2263 1167 2321 dudum
1209 2264 1397 2339 paries
1440 2270 1681 2337 separat,
1723 2262 1957 2319 unicum

734 2346 804 2402 In
845 2363 1056 2421 corpus
1099 2356 1325 2404 coeunt.
1411 2345 1547 2401 Hoc
1590 2344 1885 2418 proprium
1930 2345 2109 2402 modo

895 2428 1202 2485 Ambobus
1244 2436 1474 2485 maneat
1515 2426 1726 2483 decus!

732 2590 787 2648 O
833 2607 1039 2646 arcana
1079 2588 1192 2646 Dei
1236 2579 1502 2646 consilia!
1555 2608 1592 2646 o
1634 2599 1735 2647 tuo

730 2671 1049 2729 Deturbata
1090 2669 1288 2745 gradu,
1333 2672 1551 2745 primus
1593 2690 1756 2729 amor
1797 2670 1928 2739 Dei,

733 2753 902 2810 Plebs
944 2750 1197 2828 Judaea!
1250 2752 1361 2809 tuis
1403 2752 1583 2827 gloria
1624 2754 1881 2827 gentium

847 2912 867 2930 ι
893 2833 1154 2902 DamniS,
1198 2834 1425 2908 vitaque
1468 2836 1730 2892 nascitur.

731 2996 863 3074 Jam
907 2997 1097 3053 nativa
1138 2997 1299 3054 oleae
1341 2996 1574 3054 brachia
1617 2996 1903 3065 decidunt,

733 3078 906 3136 Rami
950 3078 1283 3153 degenereS,
1326 3096 1564 3154 germen
1607 3079 1942 3147 adulterum,

733 3160 1084 3236 Miraturque
1126 3179 1308 3218 novos
1352 3161 1569 3218 semine
1610 3179 1730 3218 non
1774 3178 1880 3218 suo

890 3243 1084 3300 Arbor
1125 3261 1380 3302 crescere
1425 3244 1695 3301 surculos,
