2467 3917
595 385 706 443 130
1069 364 1181 426 SS.
1223 363 1394 424 Petri
1426 370 1487 439 et,
1511 366 1710 433 Paula

760 531 841 589 Sit
884 530 1234 605 sempiterno
1276 509 1637 606 sempiterna⁸
1661 532 1785 591 laus
1827 531 2012 590 Patri:

758 612 928 670 Petro
970 630 1250 686 supernus
1292 631 1467 688 quem
1507 613 1771 671 revelavit
1813 614 1996 683 Pater,

757 695 1003 751 Aeterne
1028 692 1169 767 Fili,
1211 694 1335 752 laus
1377 694 1477 751 tibi
1520 695 1591 753 sit
1631 696 1915 753 maxima:

760 775 841 832 Sit
883 792 986 850 par
1029 793 1301 850 supremo
1341 776 1465 834 laus
1507 775 1798 853 decusque
1841 774 2101 834 Flamini.

986 1131 1078 1174 AD
1120 1127 1448 1173 SECUNDAS
1491 1126 1815 1174 VESPERAS.

683 1346 952 1409 Tandem
993 1348 1273 1419 laborum,
1315 1347 1550 1423 gloriosi
1590 1349 1878 1424 principes

682 1432 954 1489 Fructum
991 1431 1230 1489 tenetis:
1288 1429 1422 1488 fana
1461 1431 1680 1505 passim
1721 1439 2026 1487 corruunt:

682 1513 842 1585 Quin
882 1513 1007 1589 ipsa
1047 1512 1159 1570 late
1201 1510 1394 1569 Roma
1434 1512 1628 1570 victrix
1669 1512 1942 1587 gentium,

578 1614 587 1627 ‘
687 1595 760 1652 Se
804 1593 1128 1653 Christiano
1166 1594 1287 1670 jam
1330 1602 1519 1669 stupet
1560 1594 1728 1651 subdi
1765 1594 1924 1668 jugo,

686 1752 872 1815 Saevit
915 1754 1255 1832 Tyrannus3
1312 1766 1369 1814 at
1409 1755 1757 1831 triumphant
1797 1756 2090 1813 victimae:

687 1839 846 1897 Alter
887 1856 989 1914 per
1031 1855 1231 1897 ensem
1273 1839 1465 1907 victor,
1511 1838 1649 1896 alter
1689 1856 1791 1912 per
1833 1856 2078 1908 crucem,

690 1920 873 1978 Coelo
915 1938 1188 1978 coronam
1231 1919 1461 1978 laureati
1503 1920 1833 1994 possident3

689 2000 989 2077 Fususque
1032 2003 1266 2076 sanguis
1309 2000 1662 2059 Christianos
1706 2000 1963 2059 seminat.

693 2157 961 2239 Superba'
992 2163 1225 2222 sordent
1269 2162 1547 2222 Caesares
1589 2158 1882 2234 cadavera,

691 2244 872 2316 Queis
912 2246 1050 2303 urbs
1091 2245 1287 2302 litabat
1328 2245 1486 2319 impii
1530 2244 1712 2303 cultus
1750 2244 1943 2303 ferax:

691 2325 1101 2401 Apostolorum
1143 2326 1412 2400 gloriatur
1453 2327 1697 2396 ossibus,

693 2407 1008 2484 Fixamque
1052 2408 1251 2466 adorat
1292 2408 1530 2466 collibus
1554 2408 1689 2474 ‚suis
1732 2425 1975 2467 crucem.

695 2568 866 2626 Nunc
909 2588 947 2627 o
988 2586 1185 2628 eruore
1226 2579 1536 2645 purpurata
1576 2569 1769 2640 nobili,
1874 2595 1877 2599 ’

696 2648 991 2725 Novisque
1034 2649 1165 2707 felix
1210 2650 1403 2709 Roma
1444 2651 1848 2721 conditoribuS,

698 2731 927 2788 Horum
969 2731 1257 2806 trophaeis
1299 2742 1481 2802 aucta,
1524 2742 1740 2809 quanto
1783 2733 1968 2790 verius

698 2810 923 2888 Regina
965 2811 1148 2887 fulges
1190 2812 1330 2871 orbe
1369 2823 1494 2872 toto
1536 2815 1761 2888 civitas;

701 2976 783 3033 Sit
824 2975 1173 3050 semipterno
1213 2976 1560 3051 sempiterna
1600 2977 1722 3036 laus
1765 2976 1948 3033 Patri:

703 3057 784 3114 Sit
826 3057 1234 3132 sempiternum
1277 3057 1421 3116 Filio
1463 3058 1645 3117 Patris
1688 3058 1895 3116 decus:

701 3138 819 3210 Qui
860 3140 1039 3197 nectis
1082 3140 1305 3210 ambos,
1348 3156 1565 3215 aequus
1607 3140 1909 3209 ambobus,
1952 3138 2052 3197 tibi

700 3220 920 3291 Divine‚
944 3221 1035 3281 ,sit
1077 3220 1200 3278 laus
1243 3223 1602 3297 sempiterna,
1649 3220 1903 3297 Spiritus.
