2467 3917
959 408 1358 483 Apostolorum.

651 559 901 635 Vulgata
942 559 1103 618 terris
1145 560 1417 619 omnibus

652 641 761 699 Per
801 658 903 699 vos
944 640 1056 699 Dei
1098 642 1399 717 mysteria:

655 723 748 781 Sic
789 732 974 781 vestra
1016 723 1175 781 terris
1218 725 1490 782 omnibus

649 804 947 863 Praeclara
986 803 1137 863 sacta
1177 816 1513 886 personant.⁴

646 967 763 1025 Uni
804 969 874 1026 sit
916 977 971 1025 et
1012 968 1161 1026 trino
1202 967 1336 1026 Deo

650 1049 931 1126 Suprema
971 1050 1110 1121 lauS‚
1155 1068 1450 1108 summum
1493 1051 1685 1122 decus,

645 1131 738 1189 De
779 1140 949 1189 nocte
991 1132 1091 1207 qui
1133 1149 1242 1190 nos
1284 1133 1359 1190 ad
1402 1149 1539 1189 suae

643 1213 869 1271 Lumen
910 1214 1130 1271 vocavit
1171 1214 1405 1287 gloriae.

707 1613 798 1655 AD
839 1611 1165 1655 SECUNDAS
1212 1611 1536 1655 VESPERAS.

645 1786 841 1863 Quem
882 1792 1035 1850 misit
1077 1792 1136 1848 in
1176 1801 1356 1849 terras
1396 1791 1576 1862 DeuS‚

643 1873 723 1932 Ut
764 1883 949 1932 morte
990 1891 1099 1931 nos
1142 1883 1325 1931 servet
1369 1891 1488 1943 sua,

642 1956 875 2014 Amoris
915 1955 1008 2013 hic
1050 1954 1199 2013 fidos
1244 1956 1330 2013 sui

643 2037 770 2096 Vos
813 2038 968 2113 eligit
1008 2037 1266 2095 vicarios.

643 2199 885 2259 Occisus
927 2201 1132 2276 Agnus
1175 2218 1211 2258 a
1251 2199 1417 2275 lupiS,

640 2281 767 2340 Vos
808 2282 961 2340 misit
1003 2299 1187 2357 agnos
1230 2281 1306 2339 ad
1349 2280 1550 2356 lupos:

640 2362 838 2422 Mores
881 2363 1094 2421 ferinos
1135 2371 1369 2433 exuunt,
1498 2374 1503 2379 '

639 2445 795 2520 Agni
835 2455 1072 2521 repente
1115 2444 1187 2502 de
1229 2444 1396 2519 lupis.

638 2607 805 2679 Quae
846 2608 1202 2667 victimarum
1245 2608 1518 2666 caedibus

640 2684 837 2747 Tellus
869 2690 1149 2748 madebat
1191 2689 1400 2765 impiis,

635 2769 856 2829 Vestris
898 2789 1029 2829 eam
1072 2771 1397 2842 sudoribus,

636 2851 847 2911 Vestro
888 2853 1086 2928 piastis
1130 2854 1429 2936 sanguine.

635 3015 771 3072 Hoc
810 3032 939 3095 rore
980 3015 1131 3075 facta
1170 3016 1459 3091 pinguior,

634 3095 797 3167 Quot
828 3096 931 3154 illa
969 3096 1185 3156 fructus
1226 3093 1492 3173 protulit!

636 3177 822 3249 Quae,
864 3188 1079 3254 quanta
1121 3180 1364 3237 surrexit
1407 3182 1608 3255 seges!

633 3258 710 3317 Et
749 3260 858 3318 ista
897 3278 1006 3318 nos
1030 3268 1217 3342 'seges
1262 3279 1476 3319 sumus·

1823 416 1933 488 169
