2467 3917
985 409 1061 470 In
1101 410 1426 488 Epiphania
1467 410 1715 471 Domini.

791 574 1003 634 Pannis
1045 585 1278 651 opertus
1320 576 1524 634 vilibus

790 658 981 728 LateS,
1024 659 1367 716 recumbens
1408 659 1469 714 in
1511 675 1721 735 specu:

791 740 1015 810 Hom0,
1060 741 1361 815 superbis!
1405 749 1462 797 et
1505 738 1700 798 Deum

793 822 989 888 Panni,
1034 838 1241 896 specus
1282 837 1403 879 non
1444 813 1742 880 dedecent.

790 986 845 1042 A
889 983 1054 1061 Patre
1096 984 1323 1055 missuS,
1366 981 1570 1066 perditi

786 1066 904 1138 Qui
945 1066 1128 1124 factus
1171 1084 1234 1124 es
1279 1066 1479 1124 mundi
1525 1063 1697 1137 saffuS,

712 1165 719 1172 “
783 1144 940 1224 Jesu,
983 1148 1164 1224 perire
1204 1166 1280 1205 ne
1322 1148 1476 1205 sinas

791 1230 909 1288 Tot
950 1248 1099 1306 quos
1141 1229 1286 1287 emis
1328 1229 1639 1289 laboribus.

795 1392 914 1464 Qui
955 1402 1124 1450 natus
1167 1410 1231 1450 es
1275 1392 1347 1450 de
1389 1392 1649 1468 Virgine,

786 1471 944 1550 Jesu,
988 1473 1091 1531 tibi
1134 1474 1206 1531 sit
1249 1473 1430 1548 gloria

788 1555 939 1626 Cum
982 1555 1166 1627 Patre,
1211 1573 1461 1631 cumque
1506 1556 1734 1634 Spiritu,

788 1635 857 1695 In
900 1639 1248 1714 sempiterna
1291 1638 1499 1696 secula.

989 1985 1081 2031 AD
1138 1984 1447 2030 OFFICIUM
1507 1985 1699 2030 NOCT.

778 2191 911 2263 Fae,
954 2190 1195 2263 Christe,
1238 2193 1416 2250 nostri
1456 2192 1654 2267 gratia,

783 2273 1068 2333 Defuncte
1110 2283 1194 2332 tot
1236 2274 1545 2344 laboribus,

783 2355 864 2413 Ut
905 2366 1099 2414 mente
1140 2367 1318 2431 grata,
1363 2359 1445 2414 sic
1489 2356 1599 2431 piis

787 2436 920 2495 Hos
962 2436 1278 2512 praedicari
1319 2438 1600 2497 cantibus.

785 2600 993 2658 Castae
1035 2599 1285 2675 parentis
1326 2600 1385 2656 in
1429 2601 1557 2657 sinu

785 2680 1050 2740 Inclusus
1093 2681 1336 2739 ardebas
1380 2682 1534 2756 pati:

780 2764 1071 2821 Aeternus
1112 2770 1175 2819 ut
1218 2762 1407 2820 discas
1451 2762 1616 2833 mori,

783 2841 1030 2902 Mortale
1077 2861 1290 2919 corpus
1333 2843 1539 2901 induis,

784 3006 898 3064 Vix
941 3016 1126 3077 natm,
1171 3006 1415 3065 imbellis
1456 3025 1615 3082 puer,

779 3089 967 3146 Acuta
1008 3088 1183 3146 sentis
1224 3086 1435 3164 frigora
1450 3107 1467 3161 ς

779 3169 871 3227 En
912 3170 1019 3228 vile
1062 3188 1170 3245 pro
1211 3171 1371 3228 molli
1413 3171 1583 3229 thoro

781 3251 827 3308 F
829 3270 1043 3311 oenum
1083 3253 1184 3310 tibi
1227 3254 1583 3330 supponitur.
