2467 3917
1025 401 1297 450 INDEX.

355 554 517 617 Pange,
539 551 699 615 lingua,
721 551 891 616 gloriosi

355 637 530 683 Pastore
550 650 759 696 percusso,
782 635 926 681 minas

352 718 485 765 Patris
507 718 666 763 aeterni
689 717 864 764 Soboles
884 731 1041 764 coaeva

353 801 546 854 Petrum,
567 809 759 862 tyranne,
786 801 890 862 quid
907 800 1066 848 oetenis
1082 801 1228 848 obruis

353 884 493 947 Plagis
518 883 715 947 Magistri
735 884 874 930 saucia
1039 919 1050 931 .

352 966 573 1012 Praedicta
595 965 752 1012 Christi
775 980 891 1013 mors
913 967 1031 1012 adest

349 1048 500 1095 Procul
522 1048 702 1111 maligni
723 1048 863 1095 cedite
883 1048 1052 1108 spiritus

351 1131 512 1177 Prome
534 1146 702 1185 vocem,
726 1145 864 1185 mens,
888 1144 1091 1176 mnoram
1186 1164 1199 1177 .

350 1212 578 1266 Promissa,
600 1210 739 1262 tellus,
761 1209 939 1269 concipe
961 1209 1114 1272 gaudia
1189 1243 1199 1252 .

350 1292 588 1344 Promittis,
610 1299 656 1336 et
676 1305 813 1336 servas
835 1290 983 1335 datam
1040 1323 1052 1336 .

350 1373 558 1437 Pugnate,
581 1371 742 1418 Christi
763 1371 922 1417 milites
1037 1407 1048 1418 .

326 1491 331 1500 .
352 1454 524 1500 Pulsum
544 1453 735 1515 supernis
756 1453 927 1500 sedibus
1032 1487 1044 1500 .

351 1555 455 1614 Qua
475 1554 592 1613 lapsu
613 1552 743 1599 tacito
764 1552 881 1599 stella
900 1550 1144 1614 loquacibus
1191 1586 1204 1598 .

351 1636 479 1695 Quae
498 1634 734 1699 gloriosum
755 1643 873 1681 tanta
893 1634 1019 1682 coelis
1040 1642 1190 1683 evooet

352 1718 479 1777 Quae
499 1717 618 1764 stella
639 1717 731 1764 sole
750 1717 967 1778 pulchrior
1032 1752 1045 1766 .

351 1801 480 1860 Qae
501 1809 545 1846 te
562 1815 641 1860 pro
662 1800 810 1861 populi
832 1801 1081 1848 criminibus
1103 1815 1216 1847 nova

350 1883 516 1942 Quam,
540 1877 731 1939 Clniste,'
748 1883 920 1947 signasti
945 1884 1060 1930 viam

296 1995 303 2000 -
350 1965 501 2024 Quam
523 1979 602 2010 nos
622 1973 819 2024 potenter
840 1965 972 2012 allicis
1040 1998 1053 2011 .

352 2049 504 2102 Quam
521 2047 696 2107 pulchre
716 2049 906 2112 graditur
925 2048 1016 2094 filia
1036 2048 1246 2109 Principis
1323 2084 1336 2097 .

352 2130 536 2189 Quantis
557 2130 690 2177 micas
712 2128 949 2176 honoribus
1032 2164 1044 2177 .

351 2213 500 2271 Qem
521 2211 640 2258 misit
661 2212 708 2258 in
728 2221 857 2259 tems
880 2213 997 2258 Deus
1027 2247 1039 2259 .

351 2294 499 2352 Qem
521 2308 625 2347 nox,
649 2308 781 2356 quem
803 2295 1017 2349 tenebrae,
1040 2293 1254 2355 densaque
1275 2294 1423 2341 nubila
1481 2330 1494 2342 .

351 2375 444 2434 Qi
466 2375 709 2422 Christiano
729 2376 962 2440 gloriantur
976 2376 1157 2422 nomine
1181 2410 1193 2421 .

349 2457 471 2518 Qid
492 2471 634 2503 moras
653 2456 821 2504 nectis?
856 2457 1055 2503 Domino
1071 2458 1241 2518 jubenti
1328 2493 1340 2505 .

350 2541 470 2600 Qid
493 2541 705 2587 obstinata
720 2549 892 2601 pectora

349 2622 471 2681 Qid
492 2637 668 2679 sacram,
690 2623 842 2687 Virgo,
865 2637 1071 2687 generosa
1089 2622 1260 2684 Martyr
1329 2658 1342 2671 .

349 2704 471 2763 Qid
492 2714 554 2761 tu,
576 2705 727 2753 relictis
747 2707 918 2753 urbibus

349 2786 440 2845 Qi
463 2800 544 2833 nos
563 2801 677 2833 creas
696 2786 820 2841 solus,
842 2788 967 2833 Pater
1036 2811 1049 2834 .-

349 2866 443 2925 Qi
464 2869 586 2915 saeris
604 2868 736 2915 hodie
756 2869 913 2914 sistitur
931 2869 1014 2916 aris

348 2949 459 3009 Qiis
480 2950 565 3006 ille,
587 2950 711 3011 sylvis
731 2965 756 2997 e
778 2951 1060 3010 penetralibus

347 3032 439 3093 Qui
462 3040 507 3079 te
529 3033 661 3089 Deus,
680 3034 758 3080 sub
780 3033 937 3080 inu'rno
1020 3068 1034 3082 .

347 3116 483 3174 Qod
504 3131 630 3163 oerne
650 3116 885 3171 Christum,
907 3117 1059 3180 Virgo,
1081 3117 1207 3179 paris,
1229 3124 1384 3164 vomat
1474 3152 1485 3163 .

347 3199 483 3258 Qod
503 3198 575 3246 lex
592 3199 862 3245 adumbravit
881 3207 1000 3245 vetus
1016 3233 1029 3247 .

344 3280 452 3341 Qro
470 3289 637 3329 sanctus
658 3281 782 3328 ardor
803 3289 848 3327 te
867 3281 978 3341 rapit
1019 3315 1031 3328 .
