2467 3917
621 439 653 495 3
661 441 692 496 3
703 423 736 478 8
958 419 1034 477 In
1070 418 1591 496 Transfiguratzbne
1616 420 1865 480 Domini.

945 583 1117 641 Pater
1153 601 1288 640 cum
1330 582 1646 659 Unigenito

943 665 1017 722 Et
1062 664 1273 739 Spiritu
1315 664 1595 723 Paraclito
1799 721 1804 732 ,

944 746 1111 804 Unus
1152 747 1322 804 nobis
1363 746 1511 804 hanc
1552 746 1794 822 gloriam

939 827 1173 903 Largire
1214 846 1319 903 per
1359 828 1755 903 praesentiam.

1130 1206 1222 1250 AD
1265 1205 1697 1250 MATUTINUM.

780 1402 836 1462 O
879 1413 1032 1461 sator
1073 1420 1280 1473 rerum,
1324 1413 1613 1479 reparator
1654 1403 1795 1473 aevi,

777 1485 1020 1555 Christe,
1062 1502 1162 1543 rex
1205 1502 1427 1560 regum,
1469 1485 1774 1543 metuende
1813 1502 2037 1556 censor,

778 1566 874 1624 Ad
915 1584 1116 1642 preces
1158 1576 1386 1625 nostras
1429 1567 1752 1643 pariterque
1793 1566 1991 1625 laudes

941 1648 1157 1723 Aspice
1197 1648 1391 1722 gratis.

774 1811 977 1870 Noctis
1018 1811 1250 1872 incursu
1291 1810 1391 1869 tibi
1433 1820 1566 1868 vota
1605 1810 1837 1868 laudum

773 1893 1105 1968 Panghuus,
1144 1902 1372 1969 praesta
1412 1893 1514 1949 tibi
1555 1892 1666 1950 sint
1706 1900 1769 1949 ut
1809 1900 1958 1968 apta,

773 1975 1016 2049 Nosque
1059 1982 1343 2032 concentu
1381 1972 1576 2031 refove
1616 1974 1882 2048 perennis

933 2054 1195 2113 Luminis
1237 2064 1449 2114 auctor.
1479 2131 1488 2140 ἱ

770 2220 925 2277 Inter
968 2217 1200 2276 Heliam
1244 2216 1606 2293 Moysenque
1647 2227 1821 2288 vateS,

772 2301 851 2359 Ut
888 2301 1055 2376 jubar
1097 2300 1234 2359 solis
1277 2298 1481 2357 faciem
1524 2298 1825 2375 refulgenS,

769 2382 1032 2441 Candida
1072 2391 1228 2441 veste
1270 2381 1412 2440 nivis
1454 2382 1630 2440 instar
1669 2381 1833 2439 albae

932 2462 1028 2520 Tu
1068 2464 1330 2522 micuisti.

772 2626 868 2684 Tu
910 2625 1021 2684 Dei
1063 2625 1245 2684 Patris
1289 2625 1454 2684 Patre
1495 2635 1637 2683 teste
1679 2624 1866 2701 proles

769 2708 921 2767 Cum
964 2708 1041 2766 sis
1084 2718 1414 2766 sanctorum
1456 2707 1631 2765 decus
1672 2706 2009 2782 angelorum

770 2789 866 2846 Tu
908 2789 1060 2848 salus
1101 2789 1319 2858 mundi,
1362 2789 1467 2858 via,
1509 2789 1636 2858 vita,
1679 2788 1852 2846 virtus

930 2870 1193 2929 Crederis
1237 2888 1380 2929 esse.

765 3033 980 3103 Gloria,
1022 3033 1195 3091 virtus
1239 3034 1309 3091 sit
1350 3032 1451 3090 tibi
1492 3031 1747 3102 Creator,

765 3115 988 3174 Cuncta
1029 3114 1126 3189 qui
1169 3113 1324 3172 solus
1365 3114 1612 3173 retinens
1652 3113 1954 3189 gubernas,

766 3197 835 3253 In
876 3195 1082 3254 throno
1124 3195 1286 3270 regni
1329 3196 1451 3254 sine
1492 3196 1604 3254 fine
1645 3211 1890 3272 regnans

924 3277 1138 3337 Trinus
1180 3288 1237 3335 et
1277 3295 1441 3336 unus
