2467 3917
557 386 634 440 82

1002 381 1081 441 In
1127 381 1380 459 Tempore
1417 382 1707 442 Pasa-hali.

800 545 1056 605 Christus
1100 547 1344 622 sepulcri
1385 546 1653 605 faucibus

798 627 1071 686 Emersus
1098 630 1188 687 =ad
1230 628 1418 687 lucem
1459 629 1604 686 redit
1620 648 1641 699 3.

796 708 1048 768 Hostem
1088 710 1325 769 retrudit
1362 721 1588 780 tartare,

798 790 1078 866 Coelique
1120 792 1323 868 pandit
1364 793 1579 849 intima.

794 953 906 1024 Da,
948 953 1189 1026 Christe,
1233 972 1343 1012 nos
1384 964 1577 1012 tecum
1617 957 1809 1028 mori,;

690 1056 707 1063 ⁸
795 1034 1022 1094 Tecum
1064 1036 1232 1094 simul
1276 1037 1350 1094 da
1394 1032 1660 1112 surgere&

796 1115 1053 1174 Terrena
1095 1118 1172 1175 da
1212 1127 1622 1188 contemnere;

793 1197 1010 1256 Amare
1050 1199 1125 1256 da
1165 1200 1449 1257 coelestia.

794 1359 878 1417 Sit
918 1360 1040 1418 laus
1084 1360 1234 1418 Patri
1251 1356 1274 1432 ς’
1311 1361 1433 1419 laus
1476 1362 1643 1432 Filio,

795 1441 912 1512 Qui
954 1460 1079 1513 nos,
1122 1443 1467 1519 triumphata
1508 1462 1671 1514 nece,

792 1523 888 1580 Ad
931 1533 1081 1582 astra
1122 1540 1320 1582 secum
1364 1525 1480 1583 dux
1522 1535 1725 1583 vocat:

793 1603 1047 1681 Compar
1087 1607 1191 1664 tibi
1230 1607 1374 1678 Lam,
1416 1606 1675 1683 Spiritus.

1021 1978 1113 2021 AD
1154 1975 1686 2024 COMPLETORIUM·

787 2179 941 2258 Jesu‚
983 2181 1312 2257 redemptor
1352 2182 1546 2253 seculi,

787 2262 906 2334 Qui
946 2264 1109 2321 tertio
1151 2274 1284 2340 post
1325 2264 1523 2322 funera

785 2342 993 2402 Redux
1036 2346 1116 2402 ab·
1150 2345 1342 2404 inferis
1385 2346 1493 2416 die,

786 2424 1039 2484 Mortem
1076 2429 1427 2503 resurgendo
1468 2445 1663 2485 necas.

684 2644 693 2651 ,
785 2587 921 2645 Nox
963 2597 1082 2646 atra
1119 2589 1241 2664 jam
1281 2599 1455 2647 terras
1498 2599 1740 2665 premet,

786 2668 1124 2744 Mergetque
1167 2688 1374 2728 somno
1415 2671 1666 2730 Iumina:

787 2750 990 2808 Hostis
1030 2750 1282 2808 furorem
1322 2752 1538 2827 perfidi,

784 2832 1071 2907 Artesque
1107 2849 1312 2891 coecas
1355 2833 1575 2909 disjice,

783 2994 864 3051 Ut
902 2995 1054 3070 justa
1096 2995 1234 3053 dum
1277 3014 1440 3055 curas
1480 2995 1648 3067 levat,

785 3076 859 3133 Et
900 3095 1108 3152 corpus
1150 3077 1421 3135 instaurat
1462 3079 1657 3153 quies:

786 3157 878 3216 Sic
920 3160 1180 3217 membra
1221 3177 1458 3218 somnus
1499 3170 1765 3235 occupet,
1821 3166 1824 3171 “

783 3239 873 3298 Ne
916 3242 1092 3299 corda
1131 3250 1328 3318 torpor
1367 3243 1690 3319 opprimat:
