2467 3917
761 394 836 453 In
878 372 1226 453 Lz²beratzbne
1266 392 1329 453 S.
1372 391 1551 452 Petri.
1853 410 1959 465 ¹39

436 554 650 615 Dulces
692 568 942 624 catenae,
985 576 1134 634 quae
1175 575 1338 616 reum
1380 575 1500 615 non
1540 565 1801 631 arguunt,

442 637 557 697 Sed
600 638 809 700 Christi
852 649 1142 698 amantem
1185 657 1334 716 quae
1374 639 1621 715 probant
1663 638 1827 713 Apo-

443 720 960 876 Regufflffignis,
1004 803 1188 861 aureis
1230 801 1556 866 monilibus,

443 880 566 940 Vos
609 896 770 942 saera
810 883 988 959 pluris
1029 885 1401 943 aestimamus
1442 881 1681 940 vincula.

443 1043 592 1103 Patri
636 1064 908 1122 supremo
951 1047 1020 1104 sit
1064 1060 1334 1122 suprema
1374 1045 1586 1120 gloria3

443 1124 692 1202 Tibique
734 1127 933 1186 laudes
974 1137 1129 1186 totus
1171 1128 1328 1187 orbis
1370 1127 1650 1190 concinat,

441 1208 689 1266 Aeterne
730 1202 853 1275 Fili,
898 1208 1170 1284 splendor
1211 1209 1427 1267 aeterni
1469 1207 1683 1266 Patris:

443 1288 699 1365 Compar
741 1292 812 1348 sit
855 1290 1010 1349 almo
1051 1291 1175 1349 laus
1217 1289 1510 1367 decusque
1552 1287 1812 1346 Flamini.

546 1593 637 1635 AD
681 1591 930 1636 LAUDES
976 1591 1060 1635 ET
1103 1589 1428 1635 SECUNDAS
1459 1588 1784 1633 VESPERAS.

445 1768 694 1835 Petrum,
739 1779 995 1845 tyranne,
1038 1768 1178 1844 quid
1220 1768 1438 1826 catenis
1480 1768 1691 1832 obruis,

443 1848 738 1928 Jubesque
782 1850 954 1908 condi
996 1851 1237 1909 carceris
1279 1849 1445 1925 nigro
1488 1851 1709 1924 specu?

444 1931 603 2004 Quid
644 1944 771 1990 trux
815 1932 1039 1991 satelles
1081 1941 1211 1989 ante
1254 1932 1430 1989 limen
1472 1930 1754 1989 excubat?

445 2013 669 2079 Carcer,
715 2014 955 2079 satelles,
998 2013 1182 2072 vincla
1221 2031 1342 2072 non
1383 2011 1617 2071 Petrum
1657 2021 1868 2070 tenent.

445 2175 696 2252 Fulgens
738 2176 812 2233 ab
855 2176 969 2234 alto
1011 2176 1162 2233 venit
1203 2175 1343 2233 Ales
1386 2174 1649 2243 aethere;

446 2256 688 2316 Recedit
729 2257 945 2322 horror,
990 2266 1046 2314 et
1087 2256 1250 2331 fugat
1289 2267 1526 2314 noctem
1570 2255 1723 2313 dies:

446 2337 693 2416 Jubente
736 2338 983 2403 Christo,
1025 2347 1195 2413 rupta
1236 2338 1420 2396 vincla
1460 2338 1806 2407 concidunt3

448 2419 780 2479 Panduntur
820 2419 968 2478 ultro
1011 2421 1204 2478 clausa
1245 2418 1394 2477 ferro
1435 2418 1645 2478 limina.

451 2583 732 2642 Coelestis
774 2583 867 2640 ille
909 2582 1110 2640 ductor
1150 2581 1400 2641 ostendit
1440 2582 1627 2639 viam:

450 2664 501 2722 It
543 2664 784 2735 Petrus3
835 2674 1007 2740 atque
1050 2664 1343 2722 somnium
1384 2663 1543 2739 quod
1585 2664 1663 2728 fit,
1706 2673 1889 2738 putat.

450 2745 686 2816 Verum,
731 2755 960 2821 recepta
1000 2755 1210 2811 mente,
1254 2745 1542 2804 victricem
1583 2743 1695 2802 Dei

453 2827 603 2885 Suae
645 2827 839 2886 salutis
881 2837 1069 2885 certus
1111 2827 1375 2902 agnoseit
1417 2844 1671 2885 manum.

450 2988 578 3046 Lux
620 3000 831 3054 nostra,
875 2988 1116 3055 Christe,
1160 2999 1358 3048 nostra
1397 2989 1642 3054 libertas,
1687 2988 1845 3045 vides

454 3069 683 3141 Quibus
726 3071 940 3128 catenis
983 3071 1229 3129 vinciant
1272 3089 1381 3129 nos
1423 3071 1675 3135 crimina,

450 3150 525 3208 Et
568 3160 780 3227 quanta
820 3152 1028 3210 nostris
1069 3153 1301 3211 incubet
1341 3170 1459 3210 nox
1501 3150 1821 3209 mentibus:

454 3232 658 3292 Caeeis
700 3233 855 3292 diem
895 3233 995 3299 fer,
1037 3251 1242 3310 rumpe
1283 3234 1483 3293 vinctis
1524 3232 1761 3291 vincula.
