2467 3917
549 414 665 485 ²84
882 408 959 468 In
998 408 1160 469 Festo
1200 408 1315 470 SS.
1342 408 1514 467 Petri
1547 416 1599 467 et
1633 411 1826 470 Pauli.

709 571 870 630 Serta
909 580 993 629 ter
1034 569 1199 630 denis
1239 569 1383 629 alios
1424 578 1703 627 coronant

705 653 895 711 Aucta
933 652 1255 723 crementiS‚
1299 651 1586 726 duplicata
1625 651 1943 726 quosdam;

705 731 888 791 Trina
927 744 984 793 te
1023 734 1212 793 fructu
1251 732 1542 792 cumulata
1581 742 1814 791 centum

868 815 1130 876 Nexibus
1170 814 1439 874 ornant*

711 976 1006 1037 Laudibus
1047 978 1200 1037 cives
1245 977 1534 1038 celebrent
1576 976 1826 1052 superni,

705 1058 796 1116 Te
838 1058 999 1118 Deus
1042 1059 1305 1136 simplex,
1348 1058 1675 1136 pariterque
1717 1058 1878 1127 trine,

703 1140 1004 1217 Supplices
1046 1151 1103 1199 et
1143 1159 1255 1202 nos
1299 1140 1530 1200 veniam
1570 1158 1913 1217 precamur.

865 1220 1044 1282 Parce
1083 1222 1414 1300 redemptis·

728 1509 816 1566 IN
862 1509 1128 1570 FESTO
1174 1509 1277 1569 SS.
1321 1505 1949 1570 APOSTOLORUM

982 1631 1232 1691 PETRI
1274 1632 1386 1691 ET
1429 1631 1692 1691 PAULI.

1108 1833 1200 1877 AD
1245 1831 1568 1877 VESPERAS.

700 1972 930 2032 Decora
970 1973 1069 2031 lux
1109 1972 1494 2045 Aeternitatis‚
1539 1990 1772 2032 auream

700 2055 873 2113 Diem
915 2055 1097 2113 beatis
1138 2054 1388 2136 irrigavit
1428 2054 1677 2130 ignibus,

700 2136 1117 2213 Apostolorum
1158 2154 1309 2213 quae
1350 2146 1589 2195 coronat
1629 2137 1935 2212 principes»,
1972 2147 1979 2150 “

699 2218 955 2295 Reisque
998 2218 1060 2276 in
1100 2228 1254 2277 astra
1293 2217 1530 2278 liberam
1572 2218 1773 2294 pandit
1813 2219 1982 2277 viam.

703 2380 909 2440 Mundi
950 2382 1240 2457 magister,
1286 2391 1458 2457 atque
1500 2380 1647 2439 coeli
1684 2381 1916 2457 janitor,

702 2462 927 2521 Romae
968 2473 1252 2539 parentes,
1296 2462 1604 2539 arbitrique
1645 2463 1927 2539 gentium,

700 2544 809 2601 Per
851 2544 1008 2603 ensis
1046 2544 1155 2617 ille,
1198 2544 1293 2603 hic
1333 2562 1438 2621 per
1479 2545 1663 2604 crucis
1704 2545 1885 2603 victor
1927 2563 2143 2604 necem

696 2625 865 2685 Vitae
908 2635 1171 2685 senatum
1211 2626 1446 2685 laureati
1486 2626 1803 2702 possident.

804 2760 834 2787 ¹*
857 2756 988 2802 Nunc
1018 2765 1172 2819 potens
1203 2757 1334 2803 nostri
1366 2755 1528 2803 meritis
1559 2758 1716 2818 opimis

850 2822 1039 2868 Pectoris
1059 2822 1185 2870 duros
1215 2821 1378 2883 lapides
1401 2822 1569 2876 revelle,

851 2887 1065 2947 Asperum
1096 2887 1273 2947 planans
1304 2886 1402 2942 iter,
1433 2894 1479 2934 et
1510 2887 1691 2934 reflexos

982 2951 1134 3015 Dirige
1165 2952 1304 2998 miles.

849 3084 913 3129 Ut
943 3083 1039 3143 pius
1068 3082 1222 3129 mundi
1255 3082 1376 3130 Sator
1407 3091 1453 3131 et
1485 3084 1774 3145 Redemptor,

849 3148 1072 3195 Mentibus
1102 3149 1252 3209 culpae
1283 3149 1376 3197 sine
1409 3150 1504 3197 labe
1535 3150 1666 3211 puris,

851 3216 953 3262 Rite
987 3214 1186 3279 dignetur
1216 3215 1394 3262 veniens
1424 3217 1569 3263 beatos

979 3280 1148 3328 Ponere
1180 3293 1358 3345 gressus.
