2467 3917
579 424 686 479 ¹44
991 401 1087 462 'In
1127 402 1332 461 Decoll.
1373 401 1427 468 S,
1456 400 1713 478 soanmk.

729 566 897 626 Haec
937 577 1071 626 vota
1110 565 1345 626 tandem
1386 566 1485 643 qui
1526 565 1800 635 cumulas,
1846 566 2027 635 Pater,

733 649 1009 708 Succurre
1051 648 1278 719 nostriS,
1321 648 1554 724 auspice
1595 647 1643 704 F
1644 647 1771 717 ilio;

729 730 974 789 Infunde
1015 748 1258 800 sacrum,
1302 748 1420 806 quo
1460 729 1738 804 vigemuS,

731 811 1082 883 Pectoribus,
1125 811 1288 871 Deus
1329 811 1496 882 alme,
1539 809 1794 879 Flamen,

1200 1117 1371 1180 Auo.
1422 1137 1521 1200 29.

969 1263 1057 1321 IN
1100 1261 1749 1323 DECOLLATIONE

879 1386 935 1445 S.
977 1385 1325 1464 JOANNIS
1369 1381 1843 1444 BAPTISTAE.

991 1613 1080 1656 AD
1123 1612 1355 1657 PRIMAS
1401 1609 1722 1655 VESPERAS.

717 1765 865 1837 Quis
907 1766 1012 1837 ille,
1057 1766 1225 1842 sylvis
1268 1784 1301 1823 e
1341 1764 1724 1842 penetralibus

715 1847 1013 1922 Egressus,
1056 1848 1132 1906 ad
1173 1866 1237 1906 se
1278 1857 1362 1905 tot
1403 1846 1650 1922 populos
1691 1846 1895 1905 trahit?

716 1930 810 1986 Ab
852 1948 950 1987 ore
991 1930 1309 2004 pendentes
1349 1928 1633 2004 loquentis

715 2010 849 2082 Qua
891 2011 1079 2069 subito
1120 2020 1276 2068 tenet
1317 2020 1435 2068 arte
1476 2010 1710 2067 turbas?
1831 2029 1836 2034 ·

713 2174 808 2229 An
849 2173 938 2230 ille
980 2172 1129 2231 fastu
1168 2172 1404 2247 regifico
1444 2181 1688 2253 tumens,

714 2253 879 2312 Molli
921 2255 1138 2313 solutus
1181 2253 1382 2312 diffluit
1424 2253 1581 2311 otio?

712 2334 952 2394 Levisne
994 2336 1214 2394 arundo
1256 2335 1552 2393 ventilatur
1669 2364 1673 2368 ·

712 2417 961 2475 Arbitrio
1002 2418 1293 2493 popularis
1335 2416 1544 2476 aurae?

709 2579 886 2654 Atqui
926 2587 1010 2636 ter
1051 2579 1234 2638 annos
1273 2579 1396 2655 jam
1437 2578 1628 2637 decies
1669 2578 1834 2635 trahit

710 2660 903 2717 Vitam
945 2661 1004 2717 in
1044 2661 1344 2735 profundis
1387 2660 1622 2719 saltibus
1663 2676 1942 2734 asperam,

710 2741 946 2800 Virtutis
987 2741 1148 2800 Eliae
1190 2742 1409 2800 futurus

707 2823 898 2915 Atque
941 2823 1114 2880 animi
1153 2839 1468 2898 generosus
1509 2821 1725 2880 haeres.

706 2986 864 3061 Ergo
907 3003 1163 3043 severam
1206 2983 1477 3044 Numinis
1519 2984 1787 3042 omnibus

709 3067 974 3126 Ostentat
1015 3067 1176 3137 iram,
1219 3084 1341 3123 non
1382 3066 1613 3124 timidus
1654 3066 1838 3123 mori:

705 3150 972 3207 Assertor
1014 3166 1144 3207 acer
1185 3148 1447 3214 veritatis,

706 3230 776 3286 In
817 3234 1093 3305 proceres
1123 3239 1284 3288 tonat
1325 3230 1497 3305 inque
1538 3229 1783 3304 plebem.
