2467 3917
512 436 628 505 380
908 430 985 489 In
1026 429 1218 489 Mksa
1258 430 1673 509 quunclorum.

832 595 1098 667 Quantus
1139 603 1351 652 tremor
1392 605 1478 653 est
1519 595 1738 653 futurus

836 677 1089 748 Quando
1125 677 1306 753 judex
1348 686 1435 735 est
1475 687 1760 746 venturuS,

835 758 1058 816 Cuncta
1099 759 1288 817 stricte
1331 759 1719 817 discussurus!

834 921 1005 979 Tuba
1046 923 1256 979 mirum
1299 938 1574 996 spargens
1602 939 1810 980 sonum

833 1002 942 1060 Per
984 1004 1244 1078 sepulcra
1284 1003 1602 1077 regionum,

836 1083 1025 1159 Coget
1064 1103 1270 1143 omnes
1313 1094 1444 1141 ante
1482 1085 1766 1143 thronum.

836 1245 998 1305 Mors
1042 1249 1289 1324 stupebit
1331 1257 1386 1305 et
1429 1258 1628 1306 natura

838 1328 988 1386 Cum
1029 1340 1287 1405 resurget
1330 1340 1584 1387 creatura

831 1408 1118 1486 Judicanti
1157 1429 1519 1486 responsura.

834 1573 1006 1631 Liber
1048 1574 1291 1649 scriptus
1332 1573 1661 1649 proferetur,

837 1654 907 1711 In
950 1674 1066 1730 quo
1108 1665 1292 1713 totum
1334 1657 1669 1725 continetur,

834 1734 1006 1795 Unde
1046 1738 1297 1795 mundus
1335 1738 1633 1813 judicetur.

836 1899 1026 1976 Judex
1068 1919 1207 1976 ergo
1250 1920 1383 1958 cum
1428 1900 1663 1969 sedebit,

840 1980 1138 2057 Quidquid
1180 1983 1314 2040 latet
1356 1982 1668 2058 apparebit,

839 2062 935 2119 Nil
977 2064 1217 2122 inultum
1260 2064 1590 2122 remanebit.

842 2211 1000 2282 Quid
1044 2231 1172 2270 sum
1215 2213 1389 2270 miser
1428 2221 1564 2268 tunc
1607 2209 1897 2267 dicturus?

840 2292 1033 2363 Quem
1077 2303 1383 2370 patronum
1425 2291 1763 2367 rogaturus?

761 2379 764 2388 ’
839 2374 988 2432 Cum
1030 2377 1122 2433 vix
1159 2377 1348 2452 justus
1391 2376 1461 2432 sit
1503 2390 1749 2432 securus.

839 2523 967 2581 Rex
1009 2524 1338 2581 tremendae
1380 2522 1709 2598 majestatis,

840 2604 960 2680 Qui
1002 2605 1304 2663 salvandos
1348 2604 1530 2663 salvas
1571 2602 1761 2678 gratiS,

840 2686 1004 2745 Salve
1046 2706 1158 2757 me,
1200 2686 1331 2745 fons
1372 2686 1613 2761 pietatis

842 2835 1185 2906 Recordare,
1228 2834 1368 2912 Jesu
1409 2833 1520 2910 pie,

842 2916 1018 2988 Quod
1062 2936 1191 2976 sum
1232 2934 1406 2975 causa
1446 2925 1577 2973 tuae
1620 2915 1758 2983 viae,

841 2999 934 3056 Ne
976 3015 1070 3056 me
1111 2999 1321 3074 perdas
1363 2999 1455 3056 illa
1497 2998 1605 3055 die.

843 3146 1142 3217 Quaerens
1183 3164 1296 3215 me,
1340 3145 1534 3203 sedisti
1576 3144 1792 3212 lassus3

845 3227 1162 3285 Redemisti
1205 3245 1434 3284 erucem
1473 3243 1711 3302 passus:

846 3309 1068 3368 Tantus
1108 3309 1270 3367 labor
1310 3327 1430 3366 non
1472 3309 1542 3365 sit
1583 3324 1797 3365 cassus.
