2467 3917
527 371 636 426 194

1151 346 1461 426 justorum.

850 490 982 549 Hac
1025 491 1203 566 surgit
1246 491 1320 548 ad
1363 489 1589 548 coelum
1630 490 1756 546 via:

847 572 923 631 Et
963 590 1072 631 nos
1113 573 1319 630 eadem
1361 573 1453 641 da,
1496 570 1679 641 Pater,

850 653 960 726 Da,
1003 653 1172 724 Nate,
1216 655 1292 712 da
1334 671 1467 712 cum
1512 652 1736 729 Spiritu,

852 737 948 794 Ad
988 746 1044 794 te
1086 737 1277 795 venire
1320 735 1539 793 semita.

999 1141 1091 1184 AD
1132 1140 1439 1185 OFFICIUM
1484 1139 1674 1183 NOCT.

863 1319 1001 1379 Non
1041 1329 1204 1395 parta
1247 1320 1373 1378 solo
1415 1320 1693 1395 sanguine

868 1401 1052 1461 Ornat
1093 1402 1296 1459 beatos
1339 1420 1625 1477 purpura:

870 1483 1013 1547 Sunt
1054 1483 1363 1553 incruenta,
1407 1501 1553 1558 quae
1571 1482 1577 1487 ’
1598 1501 1734 1542 suos

870 1564 1107 1622 Habent
1147 1565 1485 1640 triumphos,
1528 1565 1755 1641 praelia.

869 1727 928 1786 N
929 1746 1008 1787 on
1049 1728 1155 1787 iste
1197 1727 1479 1798 flammas,
1523 1745 1642 1786 non
1685 1746 1916 1797 cruces;

874 1809 1012 1867 Non
1058 1810 1234 1868 sensit
1275 1827 1458 1868 uncos
1501 1809 1793 1885 pectines:

872 1891 1134 1949 Crudelis
1176 1900 1234 1949 et
1275 1891 1450 1949 durus
1493 1892 1600 1949 sibi

877 1972 952 2031 Se
994 1981 1178 2031 morte
1220 1972 1374 2031 lenta
1415 1972 1661 2031 conficit.

882 2136 942 2194 Si
984 2136 1147 2194 lictor
1187 2135 1265 2193 illi
1308 2135 1501 2207 defuit,

881 2218 940 2275 Si
981 2218 1180 2287 vincla,
1224 2216 1419 2288 fusteS,
1461 2218 1746 2294 ungulae;

878 2299 1080 2359 Parata
1121 2317 1226 2375 pro
1270 2298 1499 2358 Christo
1540 2300 1688 2357 mori

881 2380 1016 2441 Hoc
1059 2381 1289 2457 supplet
1329 2399 1503 2440 omne
1545 2380 1764 2439 caritas.

886 2544 1111 2619 Corpus
1155 2545 1382 2619 subegit
1423 2544 1668 2614 castitas,

884 2624 959 2682 Et
999 2624 1233 2683 liberam
1277 2634 1530 2683 mentem
1573 2625 1752 2683 fides:

884 2707 1068 2783 Amor
1110 2707 1369 2781 supernis
1412 2708 1640 2782 ignibus

891 2785 1104 2845 Totam
1145 2788 1320 2844 litavit
1362 2787 1625 2846 hostiam.

891 2947 1070 3006 Venis
1112 2949 1321 3024 apertis
1362 2951 1631 3009 omnibus

892 3028 1010 3101 Qui
1052 3030 1215 3089 vellet
1257 3031 1404 3091 ultro
1445 3050 1759 3108 erumpere,

893 3111 1208 3171 Fraudatus
1251 3123 1447 3189 optata
1488 3114 1593 3183 via,

896 3193 946 3252 It
988 3193 1148 3255 fusus
1190 3196 1250 3253 in
1292 3195 1489 3253 fletum
1531 3214 1712 3255 cruor.
