2467 3917
753 400 832 460 In
872 400 1075 461 Decoll.
1118 401 1182 462 S.
1211 403 1470 481 soanntlr.

436 615 444 623 .
478 562 629 623 Aula
668 574 964 640 receptum
1004 584 1124 625 non
1163 568 1367 628 retinet
1407 569 1593 640 timor,

477 642 617 704 Non
656 646 870 704 blanda
909 647 1081 706 flectit
1120 650 1304 724 gratia
1345 650 1638 728 Principis,

477 725 864 786 Contaminati
905 729 1045 805 quin
1084 732 1389 807 reprendat
1634 732 1638 737 ’

477 807 782 884 Flagitium
822 811 1313 889 opprobriumque
1354 814 1498 873 lecti.

475 970 559 1028 Sit
600 988 828 1030 summa
867 971 1035 1044 Patri,
1080 993 1421 1051 summaque
1463 977 1622 1048 Filio,

476 1051 802 1129 Sanctoque
843 1072 1082 1131 compar
1122 1058 1304 1132 gloria
1345 1057 1622 1117 Flaminii

473 1132 715 1193 Sanctae
757 1135 981 1195 litemus
1025 1135 1289 1197 Trinitati

472 1213 756 1291 Perpetuo
796 1218 893 1293 pia
934 1218 1109 1277 corda
1150 1221 1320 1278 cultu.

766 1567 857 1615 AD
899 1566 1203 1614 OFFICIUM
1228 1562 1238 1565 ⁷
1248 1569 1436 1615 Nocr.

467 1775 711 1852 Impune
753 1775 888 1835 Vati
929 1796 1048 1836 non
1089 1779 1223 1837 erit:
1272 1780 1558 1856 impotens

467 1856 685 1916 Totum
726 1857 977 1917 furorem
1019 1858 1232 1920 femina
1273 1861 1516 1938 colligit;

466 1939 704 2017 Iraeque
747 1958 948 2001 causas
991 1942 1323 2017 aggerando

436 2019 806 2080 'Exstimulat
847 2023 965 2082 fera
1006 2023 1181 2082 corda
1220 2025 1389 2101 regis.

464 2181 622 2254 Quid
663 2202 782 2243 non
822 2185 998 2245 h'bido
1040 2187 1201 2262 cogis
1243 2188 1535 2246 adultera?

462 2263 685 2324 Dantur
726 2269 941 2326 catenis
982 2268 1264 2327 innocuae
1303 2284 1547 2327 manus:

463 2346 542 2403 At
583 2347 797 2424 alligari
838 2350 1085 2409 veritatis

462 2426 675 2490 Nescia
714 2448 842 2502 vox,
886 2449 991 2490 sua
1026 2432 1154 2508 jura
1195 2442 1394 2490 servat.

462 2589 752 2650 Christum
792 2594 881 2652 vel
921 2605 1046 2654 atro
1087 2595 1329 2654 carceris
1371 2595 1429 2652 in
1470 2612 1650 2670 specu

457 2671 673 2732 Praeco
713 2674 894 2736 fidelis
935 2677 1184 2735 nuntiat:
1237 2686 1293 2736 et
1335 2695 1471 2736 suos

461 2754 670 2813 Divina
708 2758 953 2832 patranti
994 2757 1278 2837 Magistro

455 2834 785 2912 Discipulos
822 2840 983 2917 jubet
1024 2841 1104 2898 ire
1145 2850 1336 2899 testeS.

455 2999 696 3060 Vinctus
738 3002 1076 3079 triumphat;
1122 3013 1185 3062 tu
1223 3004 1481 3079 pavitans
1522 2984 1732 3073 fremis}

459 3078 746 3156 Tyranne.
833 3083 1086 3144 Caecum
1127 3103 1296 3144 mens
1334 3086 1485 3143 male
1526 3086 1760 3144 conscia

457 3161 656 3234 Quatit
697 3165 1016 3241 flagellum:
1063 3167 1255 3226 stricta
1295 3166 1505 3226 Vatem

364 3248 373 3255 ⁴
457 3244 821 3321 Impavidum
862 3247 1022 3307 feriet
1063 3249 1293 3308 securis,

1051 3346 1090 3388 10

1803 423 1911 482 1.·45
