2467 3917
424 457 443 470 ,
489 408 585 476 396
1150 410 1420 458 INDEX.

490 566 575 620 Da,
597 564 781 622 Christe,
804 581 883 613 nos
904 574 1050 614 tecum
1072 568 1186 614 mori

488 648 655 695 Debilis
675 656 837 695 cessent
852 649 1067 695 elementa
1087 649 1192 711 legis

488 729 574 775 Dei
596 744 798 776 canamus
817 730 1191 795 gloriam..

487 812 712 858 Descende
733 812 886 859 coelo:
919 823 964 859 te
987 811 1178 859 Michael
1199 820 1325 859 vocat

486 894 573 941 Die
593 895 760 941 dierum
781 895 970 955 principe
1027 930 1038 941 .
1177 935 1184 942 .

485 977 652 1039 Dignas
673 977 779 1038 quis,
799 977 843 1023 O
869 977 1001 1031 Deus,
1023 977 1100 1023 tibi
1178 1014 1189 1023 .

487 1059 663 1114 Divine,
685 1059 910 1112 crescebas,
934 1058 1047 1105 Puer

488 1140 790 1186 Doxomouus
893 1174 904 1186 .
1184 1176 1195 1188 .

488 1222 626 1276 Dum,
646 1221 832 1276 Christe,
854 1222 1043 1269 confixus
1063 1223 1174 1269 cruci

489 1304 612 1350 Dum
634 1313 774 1350 morte
797 1305 931 1351 victor
953 1307 1104 1352 obruta
1179 1340 1190 1351 .

488 1386 613 1432 Dum
633 1387 792 1451 spargit
812 1401 929 1433 aram
949 1387 1155 1450 sanguine
1174 1421 1187 1433 .

486 1511 611 1567 Eooe,
634 1513 821 1559 saltantis
841 1512 1030 1573 pretium
1051 1512 1216 1572 puellae

487 1594 598 1640 Eoee
619 1596 736 1641 sedes
757 1595 829 1640 hic
850 1594 1064 1640 Tonantis

486 1676 683 1741 Emergit
705 1678 841 1731 undis,
863 1686 909 1722 et
932 1678 1032 1722 Deo

486 1758 602 1804 Exiit
624 1759 741 1805 cunis
762 1758 968 1818 pretiosus
990 1758 1130 1804 infans
1179 1792 1190 1804 .

487 1842 555 1888 Ex
575 1857 677 1904 quo,
696 1843 804 1889 salus
825 1842 1073 1888 mortalium

490 1963 591 2018 Fac,
616 1962 801 2019 Christe,
824 1964 956 2009 nostri
979 1964 1115 2027 gratia
1184 2000 1194 2010 .

490 2047 642 2093 Fando
663 2048 757 2108 quis
778 2048 954 2103 audivit,
979 2048 1065 2093 Dei

488 2128 648 2175 Felices
668 2142 897 2175 nemorum
921 2129 1148 2192 pangimus
1175 2129 1331 2176 incolas

489 2212 610 2259 Felix
631 2212 721 2258 dies
742 2212 992 2266 mortalibus
1031 2247 1042 2259 .

490 2295 614 2341 Felix
634 2294 738 2350 dies,
761 2308 893 2354 quam
916 2294 1090 2354 proprio
1180 2329 1193 2340 .

488 2377 612 2424 Felix
633 2385 773 2423 morte
796 2384 884 2433 tua,
906 2376 979 2436 qui
1001 2376 1249 2422 cruciatibus
1330 2411 1340 2422 .

486 2459 688 2523 Flagrans
711 2473 873 2513 amore,
896 2458 1083 2519 perditos
1178 2493 1188 2504 .

488 2542 635 2588 Fortes
657 2540 850 2588 oedendo
872 2540 1084 2601 Martyres
1186 2576 1197 2587 .

489 2623 608 2669 Forti
630 2630 803 2686 tegente
823 2623 998 2670 brachio
1020 2659 1030 2669 .

488 2704 677 2751 Fumant
698 2704 866 2751 Sabaeis
886 2705 1047 2765 templa
1069 2704 1295 2765 vaporibus
1332 2739 1343 2750 .

490 2830 658 2883 Grates,
680 2837 852 2890 peracto
867 2831 960 2889 jam
983 2830 1056 2876 die

491 2955 614 3002 Haec
633 2954 702 3000 illa
722 2954 921 3000 solemnis
942 2953 1033 3000 dies

490 3040 603 3094 Hoc,
621 3040 733 3098 jussa
755 3038 975 3098 quondam
997 3036 1237 3095 rumpimus
1330 3073 1338 3081 .

491 3120 652 3167 Horres
672 3120 886 3179 superbos,
907 3133 989 3164 nec
1009 3127 1127 3165 tuam
1181 3151 1192 3163 .

492 3203 593 3249 Huc
613 3217 688 3249 vos
709 3216 738 3246 o
759 3200 930 3247 miseri:
965 3200 1087 3247 surda
1107 3198 1333 3258 relinquite

493 3285 682 3347 Hymnis
704 3283 811 3329 dum
833 3293 1002 3330 resonat
1022 3281 1136 3329 curia
1158 3280 1380 3328 Coclitum
1474 3316 1486 3327 .
