2467 3917
563 400 639 455 86
993 400 1070 458 In
1118 398 1326 459 Octava
1367 401 1728 466 Ascensz'omlr.

886 564 1022 638 Ipsa
1062 573 1118 622 te
1159 575 1331 641 cogat
1369 567 1551 642 pietas

885 644 966 702 Ut
1006 645 1157 703 mala
1197 657 1392 706 nostra
1434 667 1668 725 superes

886 725 1198 799 ParcendO,
1243 738 1299 786 et
1340 731 1455 788 voti
1497 744 1797 810 compotes

886 808 1012 867 Nos
1053 819 1154 868 tuo
1195 811 1352 869 vultu
1393 813 1579 872 saties.

884 970 980 1028 Tu
1022 982 1146 1030 esto
1186 971 1447 1032 nestrum
1488 979 1781 1051 gaudium,

884 1052 1003 1124 Qui
1044 1072 1107 1113 es
1149 1052 1369 1113 futurus
1410 1061 1761 1132 praemium:

886 1134 955 1191 In
996 1144 1052 1193 te
1095 1137 1167 1194 sit
1206 1146 1404 1195 nostra
1442 1140 1623 1214 gloria

885 1214 994 1273 Per
1034 1225 1241 1276 cuncta
1282 1237 1509 1295 semper
1551 1225 1757 1283 secula.

824 1533 912 1591 IN
956 1534 1298 1594 OCTAVA
1338 1535 1891 1597 ASCENSIONIS.

904 1668 907 1669 ’
977 1668 1088 1725 'AD
1130 1681 1365 1726 PR1MAs
1410 1682 1731 1727 vEsPERAS.

791 1794 958 1867 :Felix
1002 1805 1123 1864 dies
1163 1806 1515 1876 mortalibus,

803 1884 939 1956 Qua
979 1905 1081 1962 per
1122 1887 1421 1962 profusum
1463 1887 1800 1963 sanguinem

806 1967 1008 2026 Homo
1049 1968 1211 2026 Deus
1254 1969 1475 2026 clausas
1517 1969 1615 2026 diu

806 2047 1038 2107 Intravit
1079 2058 1338 2108 aeternas
1381 2050 1621 2108 domos!

803 2210 931 2269 Nos
970 2213 1249 2283 membra,
1292 2230 1410 2288 quo
1450 2222 1709 2270 nostrum
1750 2224 1937 2291 caput,

801 2290 938 2362 Quo
980 2294 1096 2352 dux
1138 2295 1389 2370 praeivit,
1433 2295 1675 2352 ibimus:

808 2372 868 2430 Si
904 2375 1109 2451 jungat
1148 2394 1265 2433 una
1305 2394 1470 2434 mens
1513 2375 1698 2446 simul,

803 2453 930 2513 Nos
971 2473 1087 2515 una
1123 2457 1327 2533 junget
1366 2458 1563 2533 gloria.

802 2615 1079 2675 Discessit
1120 2628 1177 2676 et
1219 2619 1337 2677 suis
1382 2620 1560 2690 adest,

803 2696 1107 2758 Praesente
1150 2718 1378 2775 semper
1421 2700 1646 2776 Spiritu,

800 2779 1056 2838 Miscens
1099 2798 1203 2839 suo
1246 2800 1308 2839 se
1350 2783 1575 2857 corpori

801 2860 1023 2920 Omnes
1065 2863 1123 2919 in
1165 2871 1318 2921 artus
1361 2863 1558 2920 influit.

792 3026 870 3081 At
909 3024 1004 3083 illa
1044 3027 1225 3099 quae!
1269 3025 1449 3102 qualis
1491 3026 1647 3085 dies!

793 3106 935 3163 Dies
976 3107 1274 3164 tremenda
1316 3108 1592 3178 sontibuS‚

788 3187 946 3245 Dum
988 3189 1124 3246 sede
1164 3189 1521 3247 descendens
1564 3208 1672 3248 sua

794 3269 1027 3328 Redibit
1067 3271 1214 3329 ultor
1256 3271 1575 3330 criminum.
