<?xml version="1.0" encoding="UTF-8"?>
<!DOCTYPE html PUBLIC "-//W3C//DTD XHTML 1.0 Transitional//EN"
    "http://www.w3.org/TR/xhtml1/DTD/xhtml1-transitional.dtd">
<html xmlns="http://www.w3.org/1999/xhtml" xml:lang="en" lang="en">
 <head>
  <title>
</title>
<meta http-equiv="Content-Type" content="text/html;charset=utf-8" />
  <meta name='ocr-system' content='tesseract 3.04.00' />
  <meta name='ocr-capabilities' content='ocr_page ocr_carea ocr_par ocr_line ocrx_word'/>
</head>
<body>
  <div class='ocr_page' id='page_1' title='image "./hymniecclesiae02churgoog_0438.png"; bbox 0 0 2467 3917; ppageno 0'>
   <div class='ocr_carea' id='block_1_1' title="bbox 490 393 1433 460">
    <p class='ocr_par' dir='ltr' id='par_1_1' title="bbox 490 393 1433 460">
     <span class='ocr_line' id='line_1_1' title="bbox 490 393 1433 460; baseline 0.002 -19"><span class='ocrx_word' id='word_1_1' title='bbox 490 396 588 460; x_wconf 76' lang='lat'>398</span> <span class='ocrx_word' id='word_1_2' title='bbox 1159 393 1433 443; x_wconf 84' lang='lat' dir='ltr'>INDEX.</span> 
     </span>
    </p>
   </div>
   <div class='ocr_carea' id='block_1_2' title="bbox 489 552 1300 943">
    <p class='ocr_par' dir='ltr' id='par_1_2' title="bbox 489 552 1300 943">
     <span class='ocr_line' id='line_1_2' title="bbox 489 552 1168 614; baseline -0.001 -14"><span class='ocrx_word' id='word_1_3' title='bbox 489 552 676 600; x_wconf 83' lang='lat' dir='ltr'>Missum</span> <span class='ocrx_word' id='word_1_4' title='bbox 699 552 1044 613; x_wconf 70' lang='lat' dir='ltr'>Redemptorem</span> <span class='ocrx_word' id='word_1_5' title='bbox 1064 552 1168 614; x_wconf 87' lang='lat' dir='ltr'>polo</span> 
     </span>
     <span class='ocr_line' id='line_1_3' title="bbox 491 635 1190 699; baseline -0.003 -17"><span class='ocrx_word' id='word_1_6' title='bbox 491 635 647 682; x_wconf 82' lang='lat' dir='ltr'>Molles</span> <span class='ocrx_word' id='word_1_7' title='bbox 668 635 715 680; x_wconf 86' lang='lat' dir='ltr'>in</span> <span class='ocrx_word' id='word_1_8' title='bbox 736 650 870 699; x_wconf 80' lang='lat' dir='ltr'>agnos</span> <span class='ocrx_word' id='word_1_9' title='bbox 891 650 970 681; x_wconf 80' lang='lat' dir='ltr'>eeu</span> <span class='ocrx_word' id='word_1_10' title='bbox 991 635 1111 693; x_wconf 86' lang='lat' dir='ltr'>lupus</span> <span class='ocrx_word' id='word_1_11' title='bbox 1179 669 1190 680; x_wconf 91' lang='lat'><strong>.</strong></span> 
     </span>
     <span class='ocr_line' id='line_1_4' title="bbox 492 717 1162 778; baseline 0 -15"><span class='ocrx_word' id='word_1_12' title='bbox 492 717 687 773; x_wconf 86' lang='lat' dir='ltr'><strong>Montes,</strong></span> <span class='ocrx_word' id='word_1_13' title='bbox 708 719 938 778; x_wconf 88' lang='lat' dir='ltr'>superbum</span> <span class='ocrx_word' id='word_1_14' title='bbox 959 718 1162 764; x_wconf 80' lang='lat' dir='ltr'>verticem</span> 
     </span>
     <span class='ocr_line' id='line_1_5' title="bbox 493 800 1300 863; baseline -0.001 -17"><span class='ocrx_word' id='word_1_15' title='bbox 493 800 695 854; x_wconf 82' lang='lat' dir='ltr'>Mortale,</span> <span class='ocrx_word' id='word_1_16' title='bbox 718 800 840 845; x_wconf 81' lang='lat' dir='ltr'>coelo</span> <span class='ocrx_word' id='word_1_17' title='bbox 860 800 977 855; x_wconf 85' lang='lat' dir='ltr'>tolle,</span> <span class='ocrx_word' id='word_1_18' title='bbox 1000 815 1152 863; x_wconf 88' lang='lat' dir='ltr'>genus,</span> <span class='ocrx_word' id='word_1_19' title='bbox 1174 808 1300 860; x_wconf 72' lang='lat' dir='ltr'>mput</span> 
     </span>
     <span class='ocr_line' id='line_1_6' title="bbox 493 881 1179 943; baseline 0.001 -15"><span class='ocrx_word' id='word_1_20' title='bbox 493 881 652 928; x_wconf 85' lang='lat' dir='ltr'>Mundi</span> <span class='ocrx_word' id='word_1_21' title='bbox 676 881 783 928; x_wconf 82' lang='lat' dir='ltr'>salus</span> <span class='ocrx_word' id='word_1_22' title='bbox 805 881 877 943; x_wconf 91' lang='lat' dir='ltr'>qui</span> <span class='ocrx_word' id='word_1_23' title='bbox 899 881 1077 927; x_wconf 77' lang='lat' dir='ltr'>nasceris</span> <span class='ocrx_word' id='word_1_24' title='bbox 1168 917 1179 929; x_wconf 94' lang='lat'>.</span> 
     </span>
    </p>
   </div>
   <div class='ocr_carea' id='block_1_3' title="bbox 491 1012 1338 1556">
    <p class='ocr_par' dir='ltr' id='par_1_3' title="bbox 491 1012 1338 1556">
     <span class='ocr_line' id='line_1_7' title="bbox 491 1012 1179 1076; baseline 0.004 -18"><span class='ocrx_word' id='word_1_25' title='bbox 491 1012 570 1058; x_wconf 89' lang='lat' dir='ltr'>Nil</span> <span class='ocrx_word' id='word_1_26' title='bbox 592 1012 784 1059; x_wconf 83' lang='lat' dir='ltr'>laudibus</span> <span class='ocrx_word' id='word_1_27' title='bbox 802 1012 952 1059; x_wconf 78' lang='lat' dir='ltr'>nostris</span> <span class='ocrx_word' id='word_1_28' title='bbox 973 1027 1075 1076; x_wconf 86' lang='lat' dir='ltr'>eges</span> <span class='ocrx_word' id='word_1_29' title='bbox 1167 1048 1179 1061; x_wconf 89' lang='lat'>.</span> 
     </span>
     <span class='ocr_line' id='line_1_8' title="bbox 492 1094 1181 1155; baseline 0.001 -14"><span class='ocrx_word' id='word_1_30' title='bbox 492 1095 632 1142; x_wconf 81' lang='lat' dir='ltr'>Nobis</span> <span class='ocrx_word' id='word_1_31' title='bbox 652 1094 849 1155; x_wconf 87' lang='lat' dir='ltr'>Olympo</span> <span class='ocrx_word' id='word_1_32' title='bbox 869 1095 1058 1142; x_wconf 80' lang='lat' dir='ltr'>redditus</span> <span class='ocrx_word' id='word_1_33' title='bbox 1171 1132 1181 1142; x_wconf 90' lang='lat'><strong>.</strong></span> 
     </span>
     <span class='ocr_line' id='line_1_9' title="bbox 493 1177 1192 1239; baseline 0.001 -15"><span class='ocrx_word' id='word_1_34' title='bbox 493 1178 601 1224; x_wconf 90' lang='lat' dir='ltr'>Non</span> <span class='ocrx_word' id='word_1_35' title='bbox 622 1177 798 1224; x_wconf 87' lang='lat' dir='ltr'>abluunt</span> <span class='ocrx_word' id='word_1_36' title='bbox 820 1177 1023 1239; x_wconf 81' lang='lat' dir='ltr'>lymphae</span> <span class='ocrx_word' id='word_1_37' title='bbox 1045 1179 1192 1225; x_wconf 86' lang='lat' dir='ltr'>Deum</span> 
     </span>
     <span class='ocr_line' id='line_1_10' title="bbox 492 1259 1184 1324; baseline 0.004 -19"><span class='ocrx_word' id='word_1_38' title='bbox 492 1259 598 1305; x_wconf 88' lang='lat' dir='ltr'>Non</span> <span class='ocrx_word' id='word_1_39' title='bbox 621 1267 740 1320; x_wconf 84' lang='lat' dir='ltr'>parta</span> <span class='ocrx_word' id='word_1_40' title='bbox 761 1260 853 1306; x_wconf 83' lang='lat' dir='ltr'>solo</span> <span class='ocrx_word' id='word_1_41' title='bbox 873 1260 1080 1324; x_wconf 88' lang='lat' dir='ltr'>sanguine</span> <span class='ocrx_word' id='word_1_42' title='bbox 1174 1297 1184 1308; x_wconf 94' lang='lat'><strong><em>.</em></strong></span> 
     </span>
     <span class='ocr_line' id='line_1_11' title="bbox 491 1342 1192 1406; baseline 0.001 -18"><span class='ocrx_word' id='word_1_43' title='bbox 491 1342 598 1388; x_wconf 87' lang='lat' dir='ltr'>Non</span> <span class='ocrx_word' id='word_1_44' title='bbox 620 1356 729 1389; x_wconf 81' lang='lat' dir='ltr'>vana</span> <span class='ocrx_word' id='word_1_45' title='bbox 744 1343 946 1389; x_wconf 86' lang='lat' dir='ltr'>dilectum</span> <span class='ocrx_word' id='word_1_46' title='bbox 968 1357 1148 1406; x_wconf 79' lang='lat' dir='ltr'>gregem</span> <span class='ocrx_word' id='word_1_47' title='bbox 1180 1377 1192 1389; x_wconf 90' lang='lat'>.</span> 
     </span>
     <span class='ocr_line' id='line_1_12' title="bbox 496 1426 1338 1473; baseline 0 -1"><span class='ocrx_word' id='word_1_48' title='bbox 496 1426 693 1472; x_wconf 84' lang='lat' dir='ltr'>Noxium</span> <span class='ocrx_word' id='word_1_49' title='bbox 715 1426 908 1473; x_wconf 82' lang='lat' dir='ltr'>Christus</span> <span class='ocrx_word' id='word_1_50' title='bbox 928 1426 1055 1472; x_wconf 87' lang='lat' dir='ltr'>simul</span> <span class='ocrx_word' id='word_1_51' title='bbox 1077 1426 1270 1472; x_wconf 82' lang='lat' dir='ltr'>introivit</span> <span class='ocrx_word' id='word_1_52' title='bbox 1326 1460 1338 1471; x_wconf 95' lang='lat'>.</span> 
     </span>
     <span class='ocr_line' id='line_1_13' title="bbox 494 1508 1327 1556; baseline 0 -2"><span class='ocrx_word' id='word_1_53' title='bbox 494 1508 627 1555; x_wconf 81' lang='lat' dir='ltr'>Nunc</span> <span class='ocrx_word' id='word_1_54' title='bbox 652 1509 737 1556; x_wconf 85' lang='lat' dir='ltr'>suis</span> <span class='ocrx_word' id='word_1_55' title='bbox 756 1509 934 1555; x_wconf 82' lang='lat' dir='ltr'>tandem</span> <span class='ocrx_word' id='word_1_56' title='bbox 956 1522 1090 1554; x_wconf 82' lang='lat' dir='ltr'>novus</span> <span class='ocrx_word' id='word_1_57' title='bbox 1111 1523 1137 1554; x_wconf 92' lang='lat' dir='ltr'>e</span> <span class='ocrx_word' id='word_1_58' title='bbox 1158 1508 1327 1555; x_wconf 78' lang='lat' dir='ltr'>latebris</span> 
     </span>
    </p>
   </div>
   <div class='ocr_carea' id='block_1_4' title="bbox 496 1634 1350 3011">
    <p class='ocr_par' dir='ltr' id='par_1_4' title="bbox 496 1634 1185 1696">
     <span class='ocr_line' id='line_1_14' title="bbox 496 1634 1185 1696; baseline 0.001 -15"><span class='ocrx_word' id='word_1_59' title='bbox 496 1634 539 1681; x_wconf 92' lang='grc' dir='ltr'>Ο</span> <span class='ocrx_word' id='word_1_60' title='bbox 564 1634 747 1691; x_wconf 82' lang='lat' dir='ltr'>Christe,</span> <span class='ocrx_word' id='word_1_61' title='bbox 770 1634 844 1696; x_wconf 90' lang='lat' dir='ltr'>qui</span> <span class='ocrx_word' id='word_1_62' title='bbox 867 1641 1010 1681; x_wconf 87' lang='lat' dir='ltr'>noster</span> <span class='ocrx_word' id='word_1_63' title='bbox 1028 1635 1117 1694; x_wconf 88' lang='lat' dir='ltr'>poli</span> <span class='ocrx_word' id='word_1_64' title='bbox 1173 1670 1185 1682; x_wconf 87' lang='lat'>.</span> 
     </span>
    </p>

    <p class='ocr_par' dir='ltr' id='par_1_5' title="bbox 500 1716 1058 1777">
     <span class='ocr_line' id='line_1_15' title="bbox 500 1716 1058 1777; baseline -0.002 -14"><span class='ocrx_word' id='word_1_65' title='bbox 500 1717 544 1763; x_wconf 94' lang='grc' dir='ltr'>Ο</span> <span class='ocrx_word' id='word_1_66' title='bbox 568 1717 665 1763; x_wconf 89' lang='lat' dir='ltr'>fons</span> <span class='ocrx_word' id='word_1_67' title='bbox 688 1717 860 1771; x_wconf 87' lang='lat' dir='ltr'>amoris,</span> <span class='ocrx_word' id='word_1_68' title='bbox 883 1716 1058 1777; x_wconf 85' lang='lat' dir='ltr'>Spiritus</span> 
     </span>
    </p>

    <p class='ocr_par' dir='ltr' id='par_1_6' title="bbox 498 1798 1193 1854">
     <span class='ocr_line' id='line_1_16' title="bbox 498 1798 1193 1854; baseline 0.001 -10"><span class='ocrx_word' id='word_1_69' title='bbox 498 1798 542 1844; x_wconf 93' lang='grc' dir='ltr'>Ο</span> <span class='ocrx_word' id='word_1_70' title='bbox 565 1798 702 1854; x_wconf 86' lang='lat' dir='ltr'>fortis,</span> <span class='ocrx_word' id='word_1_71' title='bbox 725 1798 769 1844; x_wconf 92' lang='grc' dir='ltr'>Ο</span> <span class='ocrx_word' id='word_1_72' title='bbox 793 1798 984 1845; x_wconf 81' lang='lat' dir='ltr'>clemens</span> <span class='ocrx_word' id='word_1_73' title='bbox 1009 1800 1126 1845; x_wconf 85' lang='lat' dir='ltr'>Deus</span> <span class='ocrx_word' id='word_1_74' title='bbox 1181 1834 1193 1845; x_wconf 94' lang='lat'>.</span> 
     </span>
    </p>

    <p class='ocr_par' dir='ltr' id='par_1_7' title="bbox 497 1881 1196 1941">
     <span class='ocr_line' id='line_1_17' title="bbox 497 1881 1196 1941; baseline 0.003 -15"><span class='ocrx_word' id='word_1_75' title='bbox 497 1881 541 1927; x_wconf 92' lang='grc' dir='ltr'>Ο</span> <span class='ocrx_word' id='word_1_76' title='bbox 558 1882 654 1941; x_wconf 86' lang='lat' dir='ltr'>jam</span> <span class='ocrx_word' id='word_1_77' title='bbox 676 1881 814 1936; x_wconf 86' lang='lat' dir='ltr'>beata,</span> <span class='ocrx_word' id='word_1_78' title='bbox 831 1896 940 1941; x_wconf 85' lang='lat' dir='ltr'>quae</span> <span class='ocrx_word' id='word_1_79' title='bbox 961 1896 1038 1928; x_wconf 81' lang='lat' dir='ltr'>suo</span> <span class='ocrx_word' id='word_1_80' title='bbox 1084 1909 1090 1913; x_wconf 93' lang='lat'><em>-</em></span> <span class='ocrx_word' id='word_1_81' title='bbox 1184 1916 1196 1928; x_wconf 91' lang='lat'>.</span> 
     </span>
    </p>

    <p class='ocr_par' dir='ltr' id='par_1_8' title="bbox 498 1962 1050 2023">
     <span class='ocr_line' id='line_1_18' title="bbox 498 1962 1050 2023; baseline 0 -14"><span class='ocrx_word' id='word_1_82' title='bbox 498 1963 542 2009; x_wconf 92' lang='lat' dir='ltr'>O</span> <span class='ocrx_word' id='word_1_83' title='bbox 566 1962 659 2008; x_wconf 88' lang='lat' dir='ltr'>luoe</span> <span class='ocrx_word' id='word_1_84' title='bbox 681 1977 789 2023; x_wconf 87' lang='lat' dir='ltr'>quae</span> <span class='ocrx_word' id='word_1_85' title='bbox 810 1967 883 2007; x_wconf 83' lang='lat' dir='ltr'>tua</span> <span class='ocrx_word' id='word_1_86' title='bbox 904 1962 1004 2008; x_wconf 69' lang='lat' dir='ltr'>lates</span> <span class='ocrx_word' id='word_1_87' title='bbox 1039 1997 1050 2009; x_wconf 90' lang='lat'><strong>.</strong></span> 
     </span>
    </p>

    <p class='ocr_par' dir='ltr' id='par_1_9' title="bbox 499 2044 1020 2104">
     <span class='ocr_line' id='line_1_19' title="bbox 499 2044 1020 2104; baseline 0.002 -13"><span class='ocrx_word' id='word_1_88' title='bbox 499 2045 543 2091; x_wconf 91' lang='grc' dir='ltr'>Ο</span> <span class='ocrx_word' id='word_1_89' title='bbox 568 2045 659 2090; x_wconf 82' lang='lat' dir='ltr'>luce</span> <span class='ocrx_word' id='word_1_90' title='bbox 681 2044 756 2104; x_wconf 89' lang='lat' dir='ltr'>qui</span> <span class='ocrx_word' id='word_1_91' title='bbox 772 2044 1020 2092; x_wconf 82' lang='lat' dir='ltr'>mortalibus</span> 
     </span>
    </p>

    <p class='ocr_par' dir='ltr' id='par_1_10' title="bbox 500 2126 1350 2440">
     <span class='ocr_line' id='line_1_20' title="bbox 501 2126 1344 2175; baseline 0.002 -3"><span class='ocrx_word' id='word_1_92' title='bbox 501 2126 721 2173; x_wconf 84' lang='lat' dir='ltr'>Omnibus</span> <span class='ocrx_word' id='word_1_93' title='bbox 741 2134 891 2172; x_wconf 84' lang='lat' dir='ltr'>manat</span> <span class='ocrx_word' id='word_1_94' title='bbox 912 2142 1032 2174; x_wconf 74' lang='lat' dir='ltr'>eruor</span> <span class='ocrx_word' id='word_1_95' title='bbox 1052 2141 1152 2173; x_wconf 83' lang='lat' dir='ltr'>ecce</span> <span class='ocrx_word' id='word_1_96' title='bbox 1175 2129 1296 2175; x_wconf 87' lang='lat' dir='ltr'>venis</span> <span class='ocrx_word' id='word_1_97' title='bbox 1333 2162 1344 2174; x_wconf 90' lang='lat'>.</span> 
     </span>
     <span class='ocr_line' id='line_1_21' title="bbox 503 2207 1343 2267; baseline 0.006 -15"><span class='ocrx_word' id='word_1_98' title='bbox 503 2207 772 2267; x_wconf 85' lang='lat' dir='ltr'>Opprobriis,</span> <span class='ocrx_word' id='word_1_99' title='bbox 794 2207 913 2266; x_wconf 84' lang='lat' dir='ltr'>Jesu,</span> <span class='ocrx_word' id='word_1_100' title='bbox 935 2217 1046 2255; x_wconf 86' lang='lat' dir='ltr'>satur</span> <span class='ocrx_word' id='word_1_101' title='bbox 1331 2246 1343 2257; x_wconf 90' lang='lat'><strong>.</strong></span> 
     </span>
     <span class='ocr_line' id='line_1_22' title="bbox 500 2291 1350 2353; baseline 0.006 -17"><span class='ocrx_word' id='word_1_102' title='bbox 500 2291 545 2337; x_wconf 90' lang='grc' dir='ltr'>Ο</span> <span class='ocrx_word' id='word_1_103' title='bbox 558 2291 752 2352; x_wconf 84' lang='lat' dir='ltr'>pulchras</span> <span class='ocrx_word' id='word_1_104' title='bbox 773 2291 898 2348; x_wconf 88' lang='lat' dir='ltr'>acies,</span> <span class='ocrx_word' id='word_1_105' title='bbox 921 2301 1135 2353; x_wconf 74' lang='lat' dir='ltr'>oestraque</span> <span class='ocrx_word' id='word_1_106' title='bbox 1157 2293 1284 2339; x_wconf 81' lang='lat' dir='ltr'>fortia</span> <span class='ocrx_word' id='word_1_107' title='bbox 1338 2328 1350 2341; x_wconf 89' lang='lat'>.</span> 
     </span>
     <span class='ocr_line' id='line_1_23' title="bbox 500 2374 1049 2440; baseline 0.009 -21"><span class='ocrx_word' id='word_1_108' title='bbox 500 2374 624 2435; x_wconf 88' lang='lat' dir='ltr'>Opus</span> <span class='ocrx_word' id='word_1_109' title='bbox 643 2374 990 2440; x_wconf 32' lang='lat' dir='ltr'>peregisti&#39;tuum</span> <span class='ocrx_word' id='word_1_110' title='bbox 1036 2411 1049 2424; x_wconf 88' lang='lat'><strong>.</strong></span> 
     </span>
    </p>

    <p class='ocr_par' dir='ltr' id='par_1_11' title="bbox 502 2459 1204 2521">
     <span class='ocr_line' id='line_1_24' title="bbox 502 2459 1204 2521; baseline 0.001 -15"><span class='ocrx_word' id='word_1_111' title='bbox 502 2459 546 2506; x_wconf 93' lang='grc' dir='ltr'>Ο</span> <span class='ocrx_word' id='word_1_112' title='bbox 572 2472 704 2521; x_wconf 86' lang='lat' dir='ltr'>quam</span> <span class='ocrx_word' id='word_1_113' title='bbox 721 2460 844 2519; x_wconf 88' lang='lat' dir='ltr'>juvat</span> <span class='ocrx_word' id='word_1_114' title='bbox 866 2459 1025 2514; x_wconf 87' lang='lat' dir='ltr'>fratres,</span> <span class='ocrx_word' id='word_1_115' title='bbox 1048 2461 1168 2507; x_wconf 84' lang='lat' dir='ltr'>Deus</span> <span class='ocrx_word' id='word_1_116' title='bbox 1193 2496 1204 2507; x_wconf 91' lang='lat'><strong><em>.</em></strong></span> 
     </span>
    </p>

    <p class='ocr_par' dir='ltr' id='par_1_12' title="bbox 504 2539 1203 2601">
     <span class='ocr_line' id='line_1_25' title="bbox 504 2539 1203 2601; baseline 0.001 -15"><span class='ocrx_word' id='word_1_117' title='bbox 504 2540 548 2586; x_wconf 92' lang='grc' dir='ltr'>Ο</span> <span class='ocrx_word' id='word_1_118' title='bbox 570 2539 646 2600; x_wconf 89' lang='lat' dir='ltr'>qui</span> <span class='ocrx_word' id='word_1_119' title='bbox 669 2547 760 2592; x_wconf 89' lang='lat' dir='ltr'>tuo,</span> <span class='ocrx_word' id='word_1_120' title='bbox 783 2540 871 2585; x_wconf 86' lang='lat' dir='ltr'>dux</span> <span class='ocrx_word' id='word_1_121' title='bbox 893 2539 1137 2601; x_wconf 77' lang='lat' dir='ltr'>Martyrum</span> <span class='ocrx_word' id='word_1_122' title='bbox 1192 2575 1203 2587; x_wconf 91' lang='lat'><strong><em>.</em></strong></span> 
     </span>
    </p>

    <p class='ocr_par' dir='ltr' id='par_1_13' title="bbox 502 2622 1346 2848">
     <span class='ocr_line' id='line_1_26' title="bbox 504 2622 1344 2685; baseline 0 -14"><span class='ocrx_word' id='word_1_123' title='bbox 504 2625 548 2671; x_wconf 92' lang='grc' dir='ltr'>Ο</span> <span class='ocrx_word' id='word_1_124' title='bbox 574 2622 646 2685; x_wconf 87' lang='lat' dir='ltr'>qui</span> <span class='ocrx_word' id='word_1_125' title='bbox 664 2630 890 2684; x_wconf 88' lang='lat' dir='ltr'>perpetuus</span> <span class='ocrx_word' id='word_1_126' title='bbox 906 2639 983 2671; x_wconf 86' lang='lat' dir='ltr'>nos</span> <span class='ocrx_word' id='word_1_127' title='bbox 1003 2625 1196 2671; x_wconf 87' lang='lat' dir='ltr'>monitor</span> <span class='ocrx_word' id='word_1_128' title='bbox 1217 2625 1344 2671; x_wconf 81' lang='lat' dir='ltr'>doces</span> 
     </span>
     <span class='ocr_line' id='line_1_27' title="bbox 502 2704 1346 2753; baseline 0.001 -1"><span class='ocrx_word' id='word_1_129' title='bbox 502 2705 626 2752; x_wconf 89' lang='lat' dir='ltr'>Orbe</span> <span class='ocrx_word' id='word_1_130' title='bbox 646 2717 761 2749; x_wconf 88' lang='lat' dir='ltr'>nunc</span> <span class='ocrx_word' id='word_1_131' title='bbox 783 2710 878 2749; x_wconf 89' lang='lat' dir='ltr'>toto</span> <span class='ocrx_word' id='word_1_132' title='bbox 898 2704 1162 2751; x_wconf 82' lang='lat' dir='ltr'>celebrentur</span> <span class='ocrx_word' id='word_1_133' title='bbox 1181 2706 1315 2751; x_wconf 86' lang='lat' dir='ltr'>ambo</span> <span class='ocrx_word' id='word_1_134' title='bbox 1336 2742 1346 2753; x_wconf 86' lang='lat'><strong>.</strong></span> 
     </span>
     <span class='ocr_line' id='line_1_28' title="bbox 505 2786 1220 2848; baseline 0.001 -14"><span class='ocrx_word' id='word_1_135' title='bbox 505 2788 549 2834; x_wconf 92' lang='lat' dir='ltr'>O</span> <span class='ocrx_word' id='word_1_136' title='bbox 573 2786 848 2834; x_wconf 78' lang='lat' dir='ltr'>sacerdotum</span> <span class='ocrx_word' id='word_1_137' title='bbox 870 2788 1108 2834; x_wconf 79' lang='lat' dir='ltr'>veneranda</span> <span class='ocrx_word' id='word_1_138' title='bbox 1124 2790 1220 2848; x_wconf 90' lang='lat' dir='ltr'>jura</span> 
     </span>
    </p>

    <p class='ocr_par' dir='ltr' id='par_1_14' title="bbox 504 2867 1190 2919">
     <span class='ocr_line' id='line_1_29' title="bbox 504 2867 1190 2919; baseline 0.004 -3"><span class='ocrx_word' id='word_1_139' title='bbox 504 2870 549 2916; x_wconf 92' lang='lat' dir='ltr'>O</span> <span class='ocrx_word' id='word_1_140' title='bbox 571 2875 715 2915; x_wconf 85' lang='lat' dir='ltr'>sancte</span> <span class='ocrx_word' id='word_1_141' title='bbox 737 2867 989 2915; x_wconf 83' lang='lat' dir='ltr'>Sanctorum</span> <span class='ocrx_word' id='word_1_142' title='bbox 1013 2870 1133 2918; x_wconf 86' lang='lat' dir='ltr'>Deus</span> <span class='ocrx_word' id='word_1_143' title='bbox 1179 2908 1190 2919; x_wconf 91' lang='lat'><strong><em>.</em></strong></span> 
     </span>
    </p>

    <p class='ocr_par' dir='ltr' id='par_1_15' title="bbox 507 2949 1193 3011">
     <span class='ocr_line' id='line_1_30' title="bbox 507 2949 1193 3011; baseline 0.004 -14"><span class='ocrx_word' id='word_1_144' title='bbox 507 2951 551 2997; x_wconf 92' lang='lat' dir='ltr'>O</span> <span class='ocrx_word' id='word_1_145' title='bbox 575 2949 774 3011; x_wconf 81' lang='lat' dir='ltr'>splendor</span> <span class='ocrx_word' id='word_1_146' title='bbox 793 2953 954 2997; x_wconf 82' lang='lat' dir='ltr'>aeterni</span> <span class='ocrx_word' id='word_1_147' title='bbox 977 2952 1111 2997; x_wconf 86' lang='lat' dir='ltr'>Patris</span> <span class='ocrx_word' id='word_1_148' title='bbox 1183 2988 1193 3000; x_wconf 92' lang='lat'><strong>.</strong></span> 
     </span>
    </p>
   </div>
   <div class='ocr_carea' id='block_1_5' title="bbox 507 3032 1190 3095">
    <p class='ocr_par' dir='ltr' id='par_1_16' title="bbox 507 3032 1190 3095">
     <span class='ocr_line' id='line_1_31' title="bbox 507 3032 1190 3095; baseline 0.003 -15"><span class='ocrx_word' id='word_1_149' title='bbox 507 3034 551 3080; x_wconf 92' lang='grc' dir='ltr'>Ο</span> <span class='ocrx_word' id='word_1_150' title='bbox 574 3032 712 3095; x_wconf 81' lang='lat' dir='ltr'>virgo,</span> <span class='ocrx_word' id='word_1_151' title='bbox 732 3038 878 3092; x_wconf 86' lang='lat' dir='ltr'>pectus</span> <span class='ocrx_word' id='word_1_152' title='bbox 899 3033 968 3079; x_wconf 89' lang='lat' dir='ltr'>cui</span> <span class='ocrx_word' id='word_1_153' title='bbox 987 3048 1153 3081; x_wconf 81' lang='lat' dir='ltr'>sacrum</span> <span class='ocrx_word' id='word_1_154' title='bbox 1179 3071 1190 3082; x_wconf 91' lang='lat'><strong><em>.</em></strong></span> 
     </span>
    </p>
   </div>
   <div class='ocr_carea' id='block_1_6' title="bbox 507 3115 1493 3167">
    <p class='ocr_par' dir='ltr' id='par_1_17' title="bbox 507 3115 1493 3167">
     <span class='ocr_line' id='line_1_32' title="bbox 507 3115 1493 3167; baseline 0.004 -4"><span class='ocrx_word' id='word_1_155' title='bbox 507 3117 551 3163; x_wconf 92' lang='lat' dir='ltr'>O</span> <span class='ocrx_word' id='word_1_156' title='bbox 574 3130 650 3163; x_wconf 81' lang='lat' dir='ltr'>vos</span> <span class='ocrx_word' id='word_1_157' title='bbox 672 3128 773 3160; x_wconf 88' lang='lat' dir='ltr'>cum</span> <span class='ocrx_word' id='word_1_158' title='bbox 792 3115 966 3164; x_wconf 86' lang='lat' dir='ltr'>citharis</span> <span class='ocrx_word' id='word_1_159' title='bbox 989 3117 1111 3163; x_wconf 79' lang='lat' dir='ltr'>dulce</span> <span class='ocrx_word' id='word_1_160' title='bbox 1136 3118 1386 3167; x_wconf 84' lang='lat' dir='ltr'>sonantibus</span> <span class='ocrx_word' id='word_1_161' title='bbox 1482 3154 1493 3166; x_wconf 91' lang='lat'>.</span> 
     </span>
    </p>
   </div>
   <div class='ocr_carea' id='block_1_7' title="bbox 506 3246 1349 3297">
    <p class='ocr_par' dir='ltr' id='par_1_18' title="bbox 506 3246 1349 3297">
     <span class='ocr_line' id='line_1_33' title="bbox 506 3246 1349 3297; baseline 0.005 -4"><span class='ocrx_word' id='word_1_162' title='bbox 506 3246 714 3295; x_wconf 87' lang='lat' dir='ltr'>Panditur</span> <span class='ocrx_word' id='word_1_163' title='bbox 734 3262 837 3295; x_wconf 79' lang='lat' dir='ltr'>saxo</span> <span class='ocrx_word' id='word_1_164' title='bbox 858 3249 1048 3296; x_wconf 78' lang='lat' dir='ltr'>tumulus</span> <span class='ocrx_word' id='word_1_165' title='bbox 1069 3258 1242 3297; x_wconf 84' lang='lat' dir='ltr'>remoto</span> <span class='ocrx_word' id='word_1_166' title='bbox 1292 3289 1300 3296; x_wconf 94' lang='lat'>.</span> <span class='ocrx_word' id='word_1_167' title='bbox 1337 3285 1349 3297; x_wconf 87' lang='lat'>.</span> 
     </span>
    </p>
   </div>
  </div>
 </body>
</html>
