2467 3917
1166 397 1477 454 Doniz'nz'ca.

857 560 1135 619 Coelestis
1177 560 1321 618 haec
1362 561 1548 617 vincat
1589 561 1728 617 tuba

857 642 1063 700 Cordis
1107 659 1377 717 soporem
1418 642 1689 717 languidi,

858 723 1124 802 Novique
1165 741 1357 781 mores
1399 725 1718 799 exprimant

858 805 1053 862 Vitam
1094 806 1439 880 resurgentis
1480 823 1707 863 novam.

861 936 996 994 Hoc
1037 954 1474 1011 consequemur,
1516 947 1573 994 te
1616 937 1778 1005 duce,

860 1018 1015 1076 Fons
1058 1018 1318 1089 caritatis,
1362 1037 1399 1076 o
1440 1018 1618 1088 DeuS‚

860 1100 977 1170 Qui
1019 1100 1160 1174 legis
1203 1100 1367 1158 addis
1410 1101 1623 1157 litterae

860 1181 1028 1239 Vitae
1071 1181 1329 1238 datorem
1374 1181 1661 1257 Spiritum.

861 1311 945 1368 Sit
985 1311 1109 1369 laus
1151 1311 1320 1382 Patri,
1363 1311 1486 1369 laus
1529 1312 1673 1369 Filio
1689 1331 1705 1382 ;

862 1392 972 1450 Par
1015 1394 1085 1451 sit
1125 1394 1228 1450 tibi
1271 1394 1409 1463 laus,
1454 1393 1709 1468 SpirituS,

858 1474 1105 1532 Afflante
1148 1493 1265 1550 quo
1305 1485 1529 1533 mentes
1572 1476 1744 1533 sacris

858 1556 1079 1614 Lucent
1122 1567 1177 1613 et
1220 1557 1420 1614 ardent
1462 1557 1707 1632 ignibus,

1127 1752 1220 1794 AD
1265 1752 1534 1797 LAUDES.

770 1887 779 1894 ,
864 1856 959 1914 Ad
1001 1858 1217 1932 templa
1257 1876 1366 1915 nos
1395 1877 1599 1917 sursus
1641 1868 1807 1916 vocat

862 1937 1425 2012 Surgentis·aurorae
1466 1941 1630 2009 nitor,

863 2018 1174 2094 Novasque
1216 2037 1323 2094 pro
1365 2020 1515 2078 laeto
1556 2030 1755 2095 monet

862 2099 1095 2157 Referre
1137 2110 1327 2175 grates
1369 2119 1621 2158 munere.

861 2226 939 2282 At
980 2226 1158 2282 victor
1199 2243 1464 2283 auroram
1507 2243 1613 2283 suo

865 2305 1109 2381 Fulgore
1152 2305 1412 2365 Christus
1454 2307 1676 2365 obruit:

866 2387 1037 2456 Huic,
1081 2405 1297 2462 magna
1338 2390 1501 2464 cujus
1541 2407 1673 2463 pars
1718 2408 1933 2464 sumus,

862 2466 1031 2543 Juvat
1069 2469 1359 2544 triumpho
1400 2470 1687 2545 plaudere.

866 2599 1044 2670 Quod
1086 2600 1343 2658 evolutus
1385 2602 1574 2660 fasciis

868 2680 1130 2756 Repente
1171 2683 1422 2740 mundus
1464 2684 1659 2756 extitit,

863 2761 1015 2820 Puro
1055 2763 1321 2822 renidens
1362 2765 1593 2836 lumine,

867 2843 1104 2902 Virtutis
1145 2844 1258 2902 hoc
1301 2857 1548 2921 quantae
1590 2848 1729 2907 fuit!

866 2973 1044 3044 Quod
1085 2976 1354 3034 traditum
1396 2980 1523 3037 neci
1566 2980 1747 3053 Pater,

864 3054 945 3112 Ut
986 3058 1246 3115 sontibus
1289 3060 1461 3117 vitam
1504 3062 1680 3133 daret,

867 3136 1034 3196 Vitae
1075 3139 1316 3198 redonat
1359 3141 1580 3214 Filium,

864 3218 1095 3279 Amoris
1136 3221 1249 3279 hoc
1292 3226 1488 3299 quanti
1529 3225 1667 3284 fuit!
