2467 3917
473 427 581 480 108
848 426 925 484 In
972 427 1331 487 Conversz‘one
1373 428 1436 488 S.
1464 431 1659 490 Pauli.

790 589 1048 649 Christus
1090 592 1293 663 instat3
1346 594 1740 669 impotentem*

793 671 1022 742 Caecat,
1066 683 1248 748 urget,
1293 675 1516 751 dejicit:

791 752 892 812 Ille
936 754 1086 812 cedit
1127 755 1446 831 imperanti,

795 835 984 911 Seque
1025 846 1211 894 totum
1254 839 1510 916 subjicit:

788 916 1087 977 Insecutor
1127 929 1259 977 ante
1303 919 1532 992 Christi,'

792 998 1009 1062 Praeco
1051 999 1345 1060 Christum
1385 1014 1674 1079 personat.

795 1162 947 1221 Ante
989 1163 1193 1238 plenus
1236 1166 1335 1241 qui
1376 1167 1662 1224 minarum

796 1244 1177 1320 Praeparabat
1218 1247 1458 1318 vincula,

797 1325 969 1384 Nunc
1010 1336 1278 1400 tremens,
1321 1348 1430 1388 nec
1466 1331 1588 1407 jam
1630 1329 1872 1402 rebellis,

797 1407 906 1466 Per
946 1426 1152 1468 manus
1196 1409 1523 1470 deducitur:

798 1489 917 1561 Qui
958 1490 1126 1566 lupus
1168 1510 1348 1569 rapax
1390 1493 1628 1559 furebat,
1718 1492 1733 1507 ’

798 1571 854 1627 N
858 1590 970 1630 unc
1013 1575 1072 1629 in
1113 1591 1330 1647 agnum
1372 1577 1616 1634 vertitur.

798 1735 975 1805 Dura,
1019 1734 1263 1803 Christe,
1308 1755 1482 1813 quam
1524 1739 1745 1814 potenti

802 1816 995 1875 Corda
1034 1836 1226 1878 versas
1270 1819 1534 1877 dextera!

801 1899 920 1970 Qui
962 1908 1128 1957 tuum'
1168 1899 1358 1959 delere
1399 1918 1616 1959 nomen

801 1980 941 2037 Vult
980 1989 1211 2039 tuorum
1254 1983 1551 2057 sanguine,

803 2060 1149 2120 Universum
1191 2081 1331 2121 mox
1371 2081 1476 2138 per
1517 2064 1719 2121 orbem

805 2142 940 2219 Ipse
982 2145 1216 2203 clarabit
1259 2162 1383 2203 su0.

807 2306 891 2364 Sit
933 2325 1200 2382 suprema
1242 2307 1367 2367 laus
1409 2306 1654 2378 Parenti,

808 2387 928 2459 Qui
969 2391 1176 2448 creavit
1217 2390 1446 2448 omnia:

808 2469 1068 2546 Filioque
1110 2472 1210 2547 qui
1254 2473 1496 2530 redemit

810 2549 1002 2609 Morte
1042 2570 1152 2612 nos
1194 2553 1393 2612 volens
1437 2572 1574 2612 sua:

811 2631 921 2688 Par
963 2643 1019 2690 et
1060 2633 1154 2705 illi,
1198 2635 1362 2710 cujus
1406 2635 1560 2694 almo

814 2712 1207 2772 Consovemur
1248 2714 1441 2773 halitu.

1089 2909 1180 2950 AD
1223 2906 1495 2953 LAUDES.

573 3045 742 3117 Quae
783 3046 1101 3121 gloriosum
1141 3055 1300 3104 tanta
1341 3045 1517 3104 coelis
1559 3053 1759 3103 evocat

575 3127 683 3193 Te,
729 3127 971 3199 Christe,
1015 3128 1226 3186 causa?
1276 3137 1414 3186 tune
1453 3145 1680 3185 rursum
1721 3126 1902 3184 visere

571 3208 862 3268 Mundum
902 3210 1272 3286 redemptor?
1321 3219 1457 3268 tune
1497 3208 1688 3286 Judex
1731 3206 1945 3266 seculi?

575 3290 887 3350 Novumne
929 3292 1128 3368 prodis
1170 3288 1321 3351 ultor
1362 3290 1589 3350 hostem
1631 3289 1909 3366 perdere?
