2467 3917
919 394 1031 455 SS.
1072 393 1426 471 Angelorum.
1860 410 1963 469 157

512 558 772 618 Movere
813 559 1026 617 bellum
1067 559 1226 635 pacis
1270 558 1330 616 in
1372 559 1556 617 atriis1

536 641 779 699 Insanus
821 641 980 699 ardet
1021 640 1265 711 Lucifer,
1309 651 1365 699 et
1405 641 1543 717 polo

535 722 739 781 Parare
782 723 1077 782 dementes
1119 723 1309 780 ruinas

521 805 725 881 ‘Atque
764 804 879 862 Dei
919 804 1064 864 solio
1103 803 1324 862 minari.

536 966 759 1025 Invadit
799 967 953 1025 idem
993 967 1146 1025 mille
1188 967 1341 1025 acies
1382 966 1569 1036 furor;

534 1047 774 1106 Fervent
815 1049 1061 1107 tumultu
1102 1048 1324 1107 sidera:
1375 1048 1680 1123 grandium

537 1128 673 1187 Dux
713 1149 924 1206 magne
965 1130 1263 1200 bellorum,
1308 1129 1593 1188 Tonantis
1657 1172 1660 1177 ·

421 1284 430 1293 ·
535 1210 674 1287 Jura
715 1213 878 1270 datur
918 1212 1017 1269 tibi
1060 1211 1359 1269 vindicare.

535 1374 667 1433 Hac
708 1374 1012 1451 fulguranti
1053 1392 1209 1446 voce,
1255 1373 1403 1445 Quis
1443 1384 1506 1432 ut
1545 1372 1752 1431 Deus?

533 1456 701 1515 Pellis
742 1457 1056 1532 superbos:
1108 1466 1369 1514 strenuus
1411 1455 1616 1531 impias

533 1537 759 1596 Vexare
800 1548 1030 1609 turmas,
1075 1548 1132 1596 et
1171 1537 1409 1596 rebelles

535 1618 829 1695 Perpetuis
870 1621 1106 1696 religare
1147 1619 1412 1678 flammis.

538 1783 619 1841 Sit
660 1784 783 1842 laus
826 1782 1066 1854 Parenti,
1110 1783 1209 1859 qui
1251 1792 1402 1841 creat
1438 1782 1733 1857 ‘Angelos;

535 1864 642 1922 Per
684 1883 858 1941 quem
899 1863 1248 1941 triumphant
1286 1864 1468 1940 gloria
1507 1863 1684 1921 Filio:

536 1944 672 2018 Quo
712 1948 1049 2005 roborantur
1090 1947 1213 2006 laus
1255 1947 1324 2004 sit
1366 1945 1520 2003 almo

538 2028 797 2104 Spiritui:
845 2029 1023 2087 tribus
1064 2046 1180 2086 una
1221 2045 1465 2102 semper.

1034 2405 1197 2467 OcT.
1249 2423 1306 2467 2.

574 2563 674 2622 SS.
717 2563 831 2622 AN
835 2559 1243 2622 GELORUM
1287 2553 1764 2617 CUSTODUM.

447 2826 553 2868 “AD
595 2823 825 2868 PRIMAS
871 2822 1171 2867 VESPERAS
1217 2820 1302 2864 ET
1341 2816 1644 2863 OFFICIUM
1691 2814 1879 2857 NOCT-

535 2993 822 3053 Custodes
863 2993 1163 3051 hominum
1201 2989 1498 3066 psallimus
1539 2985 1814 3060 Angelos,

536 3075 789 3133 Naturae
830 3074 1011 3150 fragili
1052 3091 1200 3149 quos
1241 3071 1408 3128 Pater
1450 3067 1664 3126 addidit

535 3156 814 3215 Coelestis
857 3156 1112 3225 comites,
1155 3151 1549 3211 insidiantibus

716 3238 811 3297 Ne
853 3238 1249 3297 succumberet
1289 3233 1565 3292 hostibus.
