<?xml version="1.0" encoding="UTF-8"?>
<!DOCTYPE html PUBLIC "-//W3C//DTD XHTML 1.0 Transitional//EN"
    "http://www.w3.org/TR/xhtml1/DTD/xhtml1-transitional.dtd">
<html xmlns="http://www.w3.org/1999/xhtml" xml:lang="en" lang="en">
 <head>
  <title>
</title>
<meta http-equiv="Content-Type" content="text/html;charset=utf-8" />
  <meta name='ocr-system' content='tesseract 3.04.00' />
  <meta name='ocr-capabilities' content='ocr_page ocr_carea ocr_par ocr_line ocrx_word'/>
</head>
<body>
  <div class='ocr_page' id='page_1' title='image "./hymniecclesiae02churgoog_0163.png"; bbox 0 0 2467 3917; ppageno 0'>
   <div class='ocr_carea' id='block_1_1' title="bbox 742 385 1500 464">
    <p class='ocr_par' dir='ltr' id='par_1_1' title="bbox 742 385 1500 464">
     <span class='ocr_line' id='line_1_1' title="bbox 742 385 1500 464; baseline -0.005 -14"><span class='ocrx_word' id='word_1_1' title='bbox 742 390 805 450; x_wconf 91' lang='lat' dir='ltr'><strong>S.</strong></span> <span class='ocrx_word' id='word_1_2' title='bbox 847 387 1083 447; x_wconf 80' lang='lat' dir='ltr'><strong>Mariae</strong></span> <span class='ocrx_word' id='word_1_3' title='bbox 1121 385 1500 464; x_wconf 54' lang='lat' dir='ltr'><strong>Magdalenesa</strong></span> 
     </span>
    </p>
   </div>
   <div class='ocr_carea' id='block_1_2' title="bbox 635 546 1537 875">
    <p class='ocr_par' dir='ltr' id='par_1_2' title="bbox 635 546 1537 875">
     <span class='ocr_line' id='line_1_2' title="bbox 641 546 1463 630; baseline -0.004 -18"><span class='ocrx_word' id='word_1_4' title='bbox 641 554 885 630; x_wconf 89' lang='lat' dir='ltr'><strong>Impleta</strong></span> <span class='ocrx_word' id='word_1_5' title='bbox 924 570 1078 610; x_wconf 89' lang='lat' dir='ltr'><strong>nunc</strong></span> <span class='ocrx_word' id='word_1_6' title='bbox 1118 546 1463 628; x_wconf 82' lang='lat' dir='ltr'><strong>Apostolam</strong></span> 
     </span>
     <span class='ocr_line' id='line_1_3' title="bbox 640 633 1537 709; baseline 0 -16"><span class='ocrx_word' id='word_1_7' title='bbox 640 636 931 694; x_wconf 87' lang='lat' dir='ltr'><strong>Promissa</strong></span> <span class='ocrx_word' id='word_1_8' title='bbox 972 645 1028 692; x_wconf 89' lang='lat' dir='ltr'><strong>te</strong></span> <span class='ocrx_word' id='word_1_9' title='bbox 1068 633 1316 709; x_wconf 85' lang='lat' dir='ltr'><strong>primam</strong></span> <span class='ocrx_word' id='word_1_10' title='bbox 1358 633 1537 693; x_wconf 89' lang='lat' dir='ltr'>choro</span> 
     </span>
     <span class='ocr_line' id='line_1_4' title="bbox 638 715 1334 793; baseline -0.004 -18"><span class='ocrx_word' id='word_1_11' title='bbox 638 717 1050 793; x_wconf 87' lang='lat' dir='ltr'>Apostolorum</span> <span class='ocrx_word' id='word_1_12' title='bbox 1091 715 1334 790; x_wconf 83' lang='lat' dir='ltr'>grandia</span> 
     </span>
     <span class='ocr_line' id='line_1_5' title="bbox 635 796 1362 875; baseline -0.001 -20"><span class='ocrx_word' id='word_1_13' title='bbox 635 796 849 875; x_wconf 91' lang='lat' dir='ltr'><strong>Jubent</strong></span> <span class='ocrx_word' id='word_1_14' title='bbox 887 797 1093 856; x_wconf 84' lang='lat' dir='ltr'><strong>referre</strong></span> <span class='ocrx_word' id='word_1_15' title='bbox 1135 797 1362 854; x_wconf 57' lang='lat' dir='ltr'><strong>nuntia</strong></span> 
     </span>
    </p>
   </div>
   <div class='ocr_carea' id='block_1_3' title="bbox 636 957 1313 1119">
    <p class='ocr_par' dir='ltr' id='par_1_3' title="bbox 636 957 1313 1119">
     <span class='ocr_line' id='line_1_6' title="bbox 636 957 1313 1035; baseline -0.001 -17"><span class='ocrx_word' id='word_1_16' title='bbox 636 960 768 1019; x_wconf 90' lang='lat' dir='ltr'><strong>Deo</strong></span> <span class='ocrx_word' id='word_1_17' title='bbox 809 960 961 1020; x_wconf 86' lang='lat' dir='ltr'><strong>Patri</strong></span> <span class='ocrx_word' id='word_1_18' title='bbox 1003 961 1074 1019; x_wconf 85' lang='lat' dir='ltr'><strong>sit</strong></span> <span class='ocrx_word' id='word_1_19' title='bbox 1114 957 1313 1035; x_wconf 88' lang='lat' dir='ltr'><strong>gloria,</strong></span> 
     </span>
     <span class='ocr_line' id='line_1_7' title="bbox 637 1039 1248 1119; baseline 0 -20"><span class='ocrx_word' id='word_1_20' title='bbox 637 1042 895 1119; x_wconf 84' lang='lat' dir='ltr'><strong>Ejusque</strong></span> <span class='ocrx_word' id='word_1_21' title='bbox 937 1042 1044 1100; x_wconf 86' lang='lat' dir='ltr'><strong>soli</strong></span> <span class='ocrx_word' id='word_1_22' title='bbox 1085 1039 1248 1113; x_wconf 87' lang='lat' dir='ltr'><strong>Filio,</strong></span> 
     </span>
    </p>
   </div>
   <div class='ocr_carea' id='block_1_4' title="bbox 638 1122 1682 1281">
    <p class='ocr_par' dir='ltr' id='par_1_4' title="bbox 638 1122 1682 1281">
     <span class='ocr_line' id='line_1_8' title="bbox 639 1122 1682 1199; baseline 0 -17"><span class='ocrx_word' id='word_1_23' title='bbox 639 1123 851 1183; x_wconf 89' lang='lat' dir='ltr'><strong>Sancto</strong></span> <span class='ocrx_word' id='word_1_24' title='bbox 893 1124 1061 1197; x_wconf 71' lang='lat' dir='ltr'><strong>simul</strong></span> <span class='ocrx_word' id='word_1_25' title='bbox 1103 1142 1238 1182; x_wconf 89' lang='lat' dir='ltr'><strong>eum</strong></span> <span class='ocrx_word' id='word_1_26' title='bbox 1282 1122 1508 1199; x_wconf 86' lang='lat' dir='ltr'><strong>Spiritu,</strong></span> <span class='ocrx_word' id='word_1_27' title='bbox 1598 1152 1603 1158; x_wconf 94' lang='lat'>·</span> <span class='ocrx_word' id='word_1_28' title='bbox 1643 1148 1682 1191; x_wconf 55' lang='grc' dir='ltr'><em>Ἀ</em></span> 
     </span>
     <span class='ocr_line' id='line_1_9' title="bbox 638 1205 1601 1281; baseline 0 -19"><span class='ocrx_word' id='word_1_29' title='bbox 638 1205 696 1262; x_wconf 98' lang='lat' dir='ltr'>N</span> <span class='ocrx_word' id='word_1_30' title='bbox 699 1224 826 1276; x_wconf 91' lang='lat' dir='ltr'>unc,</span> <span class='ocrx_word' id='word_1_31' title='bbox 869 1215 928 1263; x_wconf 88' lang='lat' dir='ltr'><strong>et</strong></span> <span class='ocrx_word' id='word_1_32' title='bbox 966 1222 1070 1281; x_wconf 91' lang='lat' dir='ltr'><strong>per</strong></span> <span class='ocrx_word' id='word_1_33' title='bbox 1111 1219 1286 1263; x_wconf 89' lang='lat' dir='ltr'><strong>omne</strong></span> <span class='ocrx_word' id='word_1_34' title='bbox 1328 1205 1601 1263; x_wconf 85' lang='lat' dir='ltr'><strong>seculum.</strong></span> 
     </span>
    </p>
   </div>
   <div class='ocr_carea' id='block_1_5' title="bbox 911 1530 1311 1575">
    <p class='ocr_par' dir='ltr' id='par_1_5' title="bbox 911 1530 1311 1575">
     <span class='ocr_line' id='line_1_10' title="bbox 911 1530 1311 1575; baseline 0.003 -1"><span class='ocrx_word' id='word_1_35' title='bbox 911 1530 1002 1574; x_wconf 79' lang='lat' dir='ltr'><strong>AD</strong></span> <span class='ocrx_word' id='word_1_36' title='bbox 1042 1531 1311 1575; x_wconf 82' lang='lat' dir='ltr'>LAUDES.</span> 
     </span>
    </p>
   </div>
   <div class='ocr_carea' id='block_1_6' title="bbox 394 1749 1309 1823">
    <p class='ocr_par' dir='ltr' id='par_1_6' title="bbox 394 1749 1309 1823">
     <span class='ocr_line' id='line_1_11' title="bbox 394 1749 1309 1823; baseline 0.003 -16"><span class='ocrx_word' id='word_1_37' title='bbox 394 1749 579 1809; x_wconf 86' lang='lat' dir='ltr'><strong>Maria</strong></span> <span class='ocrx_word' id='word_1_38' title='bbox 621 1769 786 1810; x_wconf 89' lang='lat' dir='ltr'><strong>sacro</strong></span> <span class='ocrx_word' id='word_1_39' title='bbox 827 1751 1021 1811; x_wconf 88' lang='lat' dir='ltr'><strong>saucia</strong></span> <span class='ocrx_word' id='word_1_40' title='bbox 1060 1753 1309 1823; x_wconf 90' lang='lat' dir='ltr'><strong>vulnere,</strong></span> 
     </span>
    </p>
   </div>
   <div class='ocr_carea' id='block_1_7' title="bbox 1802 404 1906 464">
    <p class='ocr_par' dir='ltr' id='par_1_7' title="bbox 1802 404 1906 464">
     <span class='ocr_line' id='line_1_12' title="bbox 1802 404 1906 464; baseline 0 0"><span class='ocrx_word' id='word_1_41' title='bbox 1802 404 1906 464; x_wconf 86' lang='lat'><strong>¹37</strong></span> 
     </span>
    </p>
   </div>
   <div class='ocr_carea' id='block_1_8' title="bbox 392 1830 1829 1911">
    <p class='ocr_par' dir='ltr' id='par_1_8' title="bbox 392 1830 1829 1911">
     <span class='ocr_line' id='line_1_13' title="bbox 392 1830 1829 1911; baseline 0.003 -22"><span class='ocrx_word' id='word_1_42' title='bbox 392 1830 529 1890; x_wconf 90' lang='lat' dir='ltr'><strong>Non</strong></span> <span class='ocrx_word' id='word_1_43' title='bbox 565 1834 708 1909; x_wconf 36' lang='lat' dir='ltr'><strong>jam,</strong></span> <span class='ocrx_word' id='word_1_44' title='bbox 730 1833 1042 1892; x_wconf 91' lang='lat' dir='ltr'><strong>dolendum</strong></span> <span class='ocrx_word' id='word_1_45' title='bbox 1083 1835 1223 1911; x_wconf 92' lang='lat' dir='ltr'><strong>quid</strong></span> <span class='ocrx_word' id='word_1_46' title='bbox 1266 1832 1586 1893; x_wconf 89' lang='lat' dir='ltr'><strong>Dominum</strong></span> <span class='ocrx_word' id='word_1_47' title='bbox 1629 1833 1829 1895; x_wconf 82' lang='lat' dir='ltr'>doles?</span> 
     </span>
    </p>
   </div>
   <div class='ocr_carea' id='block_1_9' title="bbox 390 1913 1367 2057">
    <p class='ocr_par' dir='ltr' id='par_1_9' title="bbox 390 1913 1367 2057">
     <span class='ocr_line' id='line_1_14' title="bbox 393 1913 1367 1989; baseline 0.006 -19"><span class='ocrx_word' id='word_1_48' title='bbox 393 1913 631 1989; x_wconf 85' lang='lat' dir='ltr'>Semper</span> <span class='ocrx_word' id='word_1_49' title='bbox 671 1931 977 1974; x_wconf 86' lang='lat' dir='ltr'><strong>renascens</strong></span> <span class='ocrx_word' id='word_1_50' title='bbox 1019 1916 1110 1975; x_wconf 92' lang='lat' dir='ltr'><strong>hic</strong></span> <span class='ocrx_word' id='word_1_51' title='bbox 1154 1918 1367 1977; x_wconf 87' lang='lat' dir='ltr'><strong>amoris</strong></span> 
     </span>
     <span class='ocr_line' id='line_1_15' title="bbox 390 1993 1274 2057; baseline 0.003 -6"><span class='ocrx_word' id='word_1_52' title='bbox 390 1993 562 2053; x_wconf 90' lang='lat' dir='ltr'><strong>Unde</strong></span> <span class='ocrx_word' id='word_1_53' title='bbox 603 1997 704 2053; x_wconf 92' lang='lat' dir='ltr'><strong>tibi</strong></span> <span class='ocrx_word' id='word_1_54' title='bbox 745 1997 1024 2057; x_wconf 88' lang='lat' dir='ltr'><strong>violentus</strong></span> <span class='ocrx_word' id='word_1_55' title='bbox 1066 1997 1274 2056; x_wconf 85' lang='lat' dir='ltr'><strong>ardor?</strong></span> 
     </span>
    </p>
   </div>
   <div class='ocr_carea' id='block_1_10' title="bbox 388 2158 1564 2480">
    <p class='ocr_par' dir='ltr' id='par_1_10' title="bbox 388 2158 1564 2399">
     <span class='ocr_line' id='line_1_16' title="bbox 390 2158 1564 2237; baseline 0.005 -21"><span class='ocrx_word' id='word_1_56' title='bbox 390 2158 583 2230; x_wconf 86' lang='lat' dir='ltr'><strong>Quem</strong></span> <span class='ocrx_word' id='word_1_57' title='bbox 625 2159 850 2237; x_wconf 88' lang='lat' dir='ltr'><strong>quaeris</strong></span> <span class='ocrx_word' id='word_1_58' title='bbox 890 2160 1021 2235; x_wconf 89' lang='lat' dir='ltr'><strong>ipso</strong></span> <span class='ocrx_word' id='word_1_59' title='bbox 1061 2159 1275 2220; x_wconf 86' lang='lat' dir='ltr'><strong>funeris</strong></span> <span class='ocrx_word' id='word_1_60' title='bbox 1317 2162 1378 2219; x_wconf 90' lang='lat' dir='ltr'><strong>in</strong></span> <span class='ocrx_word' id='word_1_61' title='bbox 1421 2164 1564 2235; x_wconf 89' lang='lat' dir='ltr'><strong>sinu,</strong></span> 
     </span>
     <span class='ocr_line' id='line_1_17' title="bbox 389 2239 1410 2317; baseline 0.005 -20"><span class='ocrx_word' id='word_1_62' title='bbox 389 2239 561 2298; x_wconf 91' lang='lat' dir='ltr'>Victo</span> <span class='ocrx_word' id='word_1_63' title='bbox 601 2240 911 2317; x_wconf 89' lang='lat' dir='ltr'><strong>triumphat</strong></span> <span class='ocrx_word' id='word_1_64' title='bbox 951 2241 1148 2299; x_wconf 86' lang='lat' dir='ltr'><strong>funere</strong></span> <span class='ocrx_word' id='word_1_65' title='bbox 1191 2243 1410 2309; x_wconf 89' lang='lat' dir='ltr'><strong>clarior,</strong></span> 
     </span>
     <span class='ocr_line' id='line_1_18' title="bbox 388 2320 1314 2399; baseline 0.004 -22"><span class='ocrx_word' id='word_1_66' title='bbox 388 2320 571 2379; x_wconf 87' lang='lat' dir='ltr'><strong>Vivit:</strong></span> <span class='ocrx_word' id='word_1_67' title='bbox 617 2333 832 2381; x_wconf 88' lang='lat' dir='ltr'><strong>retecto</strong></span> <span class='ocrx_word' id='word_1_68' title='bbox 867 2324 989 2399; x_wconf 87' lang='lat' dir='ltr'><strong>jam</strong></span> <span class='ocrx_word' id='word_1_69' title='bbox 1032 2323 1314 2398; x_wconf 89' lang='lat' dir='ltr'><strong>sepulcro,</strong></span> 
     </span>
    </p>

    <p class='ocr_par' dir='ltr' id='par_1_11' title="bbox 388 2403 1262 2480">
     <span class='ocr_line' id='line_1_19' title="bbox 388 2403 1262 2480; baseline 0.005 -21"><span class='ocrx_word' id='word_1_70' title='bbox 388 2403 541 2461; x_wconf 90' lang='lat' dir='ltr'><strong>Ecce</strong></span> <span class='ocrx_word' id='word_1_71' title='bbox 577 2403 769 2480; x_wconf 90' lang='lat' dir='ltr'><strong>jacent</strong></span> <span class='ocrx_word' id='word_1_72' title='bbox 810 2404 1064 2462; x_wconf 82' lang='lat' dir='ltr'><strong>revoluta</strong></span> <span class='ocrx_word' id='word_1_73' title='bbox 1105 2422 1262 2463; x_wconf 85' lang='lat' dir='ltr'><strong>saxa.</strong></span> 
     </span>
    </p>
   </div>
   <div class='ocr_carea' id='block_1_11' title="bbox 388 2564 1730 2886">
    <p class='ocr_par' dir='ltr' id='par_1_12' title="bbox 388 2564 1730 2711">
     <span class='ocr_line' id='line_1_20' title="bbox 388 2564 1730 2645; baseline 0.008 -23"><span class='ocrx_word' id='word_1_74' title='bbox 388 2564 684 2640; x_wconf 86' lang='lat' dir='ltr'><strong>Myrrham</strong></span> <span class='ocrx_word' id='word_1_75' title='bbox 724 2567 863 2645; x_wconf 91' lang='lat' dir='ltr'><strong>quid</strong></span> <span class='ocrx_word' id='word_1_76' title='bbox 905 2566 1090 2632; x_wconf 89' lang='lat' dir='ltr'><strong>affers,</strong></span> <span class='ocrx_word' id='word_1_77' title='bbox 1134 2585 1394 2645; x_wconf 83' lang='lat' dir='ltr'><strong>vanaque</strong></span> <span class='ocrx_word' id='word_1_78' title='bbox 1434 2568 1730 2632; x_wconf 86' lang='lat' dir='ltr'><strong>balsama?</strong></span> 
     </span>
     <span class='ocr_line' id='line_1_21' title="bbox 389 2647 1515 2711; baseline 0.004 -8"><span class='ocrx_word' id='word_1_79' title='bbox 389 2647 555 2706; x_wconf 88' lang='lat' dir='ltr'><strong>Haec</strong></span> <span class='ocrx_word' id='word_1_80' title='bbox 596 2648 722 2707; x_wconf 91' lang='lat' dir='ltr'><strong>luce</strong></span> <span class='ocrx_word' id='word_1_81' title='bbox 762 2649 969 2707; x_wconf 86' lang='lat' dir='ltr'><strong>functis</strong></span> <span class='ocrx_word' id='word_1_82' title='bbox 1013 2647 1204 2708; x_wconf 90' lang='lat' dir='ltr'><strong>debita</strong></span> <span class='ocrx_word' id='word_1_83' title='bbox 1245 2669 1515 2711; x_wconf 86' lang='lat' dir='ltr'><strong>munera:</strong></span> 
     </span>
    </p>

    <p class='ocr_par' dir='ltr' id='par_1_13' title="bbox 392 2726 1319 2808">
     <span class='ocr_line' id='line_1_22' title="bbox 392 2726 1319 2808; baseline 0.005 -23"><span class='ocrx_word' id='word_1_84' title='bbox 392 2727 537 2786; x_wconf 85' lang='lat' dir='ltr'><strong>Mox</strong></span> <span class='ocrx_word' id='word_1_85' title='bbox 581 2726 672 2788; x_wconf 89' lang='lat' dir='ltr'><strong>ille</strong></span> <span class='ocrx_word' id='word_1_86' title='bbox 714 2730 1018 2789; x_wconf 86' lang='lat' dir='ltr'>donandos</span> <span class='ocrx_word' id='word_1_87' title='bbox 1061 2729 1319 2808; x_wconf 87' lang='lat' dir='ltr'><strong>Olympo</strong></span> 
     </span>
    </p>

    <p class='ocr_par' dir='ltr' id='par_1_14' title="bbox 389 2809 1362 2886">
     <span class='ocr_line' id='line_1_23' title="bbox 389 2809 1362 2886; baseline 0.006 -20"><span class='ocrx_word' id='word_1_88' title='bbox 389 2809 526 2868; x_wconf 91' lang='lat' dir='ltr'><strong>Non</strong></span> <span class='ocrx_word' id='word_1_89' title='bbox 568 2822 699 2886; x_wconf 87' lang='lat' dir='ltr'><strong>eget</strong></span> <span class='ocrx_word' id='word_1_90' title='bbox 740 2809 828 2871; x_wconf 85' lang='lat' dir='ltr'><strong>his</strong></span> <span class='ocrx_word' id='word_1_91' title='bbox 869 2809 1148 2871; x_wconf 86' lang='lat' dir='ltr'><strong>redivivus</strong></span> <span class='ocrx_word' id='word_1_92' title='bbox 1191 2823 1362 2873; x_wconf 86' lang='lat' dir='ltr'><strong>artus.</strong></span> 
     </span>
    </p>
   </div>
   <div class='ocr_carea' id='block_1_12' title="bbox 388 2971 1528 3295">
    <p class='ocr_par' dir='ltr' id='par_1_15' title="bbox 388 2971 1528 3295">
     <span class='ocr_line' id='line_1_24' title="bbox 392 2971 1528 3050; baseline 0.005 -20"><span class='ocrx_word' id='word_1_93' title='bbox 392 2971 605 3049; x_wconf 89' lang='lat' dir='ltr'><strong>Ingens</strong></span> <span class='ocrx_word' id='word_1_94' title='bbox 647 2983 938 3032; x_wconf 88' lang='lat' dir='ltr'><strong>amantem</strong></span> <span class='ocrx_word' id='word_1_95' title='bbox 979 2984 1035 3033; x_wconf 88' lang='lat' dir='ltr'><strong>te</strong></span> <span class='ocrx_word' id='word_1_96' title='bbox 1078 2975 1244 3035; x_wconf 93' lang='lat' dir='ltr'>dolor</span> <span class='ocrx_word' id='word_1_97' title='bbox 1284 2977 1528 3050; x_wconf 82' lang='lat' dir='ltr'><strong>indicat3</strong></span> 
     </span>
     <span class='ocr_line' id='line_1_25' title="bbox 388 3054 1488 3117; baseline 0.004 -4"><span class='ocrx_word' id='word_1_98' title='bbox 388 3055 609 3114; x_wconf 89' lang='lat' dir='ltr'><strong>Amans</strong></span> <span class='ocrx_word' id='word_1_99' title='bbox 650 3054 899 3114; x_wconf 86' lang='lat' dir='ltr'><strong>vicissim</strong></span> <span class='ocrx_word' id='word_1_100' title='bbox 936 3074 1004 3114; x_wconf 84' lang='lat' dir='ltr'><strong>se</strong></span> <span class='ocrx_word' id='word_1_101' title='bbox 1044 3055 1207 3117; x_wconf 87' lang='lat' dir='ltr'><strong>Deus</strong></span> <span class='ocrx_word' id='word_1_102' title='bbox 1250 3056 1488 3117; x_wconf 85' lang='lat' dir='ltr'>obtulit:</span> 
     </span>
     <span class='ocr_line' id='line_1_26' title="bbox 388 3137 1318 3215; baseline 0.005 -22"><span class='ocrx_word' id='word_1_103' title='bbox 388 3137 661 3211; x_wconf 86' lang='lat' dir='ltr'>Agnosce</span> <span class='ocrx_word' id='word_1_104' title='bbox 702 3155 907 3196; x_wconf 90' lang='lat' dir='ltr'><strong>vocem</strong></span> <span class='ocrx_word' id='word_1_105' title='bbox 948 3147 1010 3196; x_wconf 81' lang='lat' dir='ltr'><strong>tu</strong></span> <span class='ocrx_word' id='word_1_106' title='bbox 1052 3137 1318 3215; x_wconf 80' lang='lat' dir='ltr'><strong>Magistri</strong></span> 
     </span>
     <span class='ocr_line' id='line_1_27' title="bbox 389 3216 1335 3295; baseline 0.008 -22"><span class='ocrx_word' id='word_1_107' title='bbox 389 3216 645 3277; x_wconf 89' lang='lat' dir='ltr'><strong>Nomine</strong></span> <span class='ocrx_word' id='word_1_108' title='bbox 687 3229 743 3278; x_wconf 91' lang='lat' dir='ltr'><strong>te</strong></span> <span class='ocrx_word' id='word_1_109' title='bbox 784 3218 1020 3295; x_wconf 87' lang='lat' dir='ltr'><strong>proprio</strong></span> <span class='ocrx_word' id='word_1_110' title='bbox 1063 3222 1335 3281; x_wconf 84' lang='lat' dir='ltr'><strong>vocantis.</strong></span> 
     </span>
    </p>
   </div>
  </div>
 </body>
</html>
