2467 3917
768 406 845 465 In
884 404 1046 465 Festo
1086 405 1150 466 S.
1179 405 1440 484 soanmlr.

393 568 502 626 Per
543 579 598 627 te
640 587 801 629 sacra
841 577 1037 647 patent
1079 569 1273 628 abdita
1312 571 1568 630 vatibus:

391 650 560 722 Quae
603 650 699 709 lux
740 652 801 709 in
842 651 1088 710 tenebris
1130 651 1360 728 fulgeat,
1402 653 1653 712 indicas:
1691 723 1694 728 μ

388 734 443 789 A
487 750 604 808 quo
642 734 755 791 vita
794 732 932 804 fluit,
975 734 1318 809 principium
1359 735 1522 809 petis»,

551 814 626 872 Et
666 815 978 890 primordia
1017 814 1265 874 luminis.

392 974 543 1034 Patri
582 978 836 1035 maxima
877 977 1016 1048 laus,
1058 978 1314 1036 maxima
1355 977 1518 1049 Filio,

391 1058 827 1135 Amborumque
871 1076 1033 1118 sacro
1073 1060 1330 1117 maxima
1371 1059 1650 1118 Flamini:

393 1138 557 1198 Haec
599 1150 685 1199 est
725 1150 879 1200 certa
921 1141 1080 1212 fides,
1124 1141 1376 1200 fontibus
1418 1160 1452 1200 e
1492 1141 1603 1200 tuis

552 1220 745 1292 Quam
788 1223 1052 1282 divinitus
1093 1222 1407 1282 hausimus,

867 1630 959 1673 AD
1002 1626 1325 1675 VESPERAS.

395 1781 478 1839 Sit
519 1781 616 1856 qui
657 1781 760 1839 rite
802 1790 968 1840 canat
1009 1792 1065 1840 te
1106 1782 1287 1840 modo
1329 1781 1620 1858 virginem,

393 1862 483 1921 Te
527 1862 746 1938 scriptis
788 1863 1071 1921 celebrem
1113 1864 1266 1922 dicat
1307 1863 1670 1940 Apostolum,

389 1942 602 2020 Jungat
642 1944 899 2004 veridicis
942 1954 998 2003 te
1040 1962 1273 2021 quoque
1316 1943 1577 2016 Vatibus,

551 2024 758 2084 Christi
799 2035 856 2085 te
898 2044 1045 2085 cano
1088 2026 1415 2103 Martyrem.

392 2187 516 2245 Diri
558 2188 716 2247 testis
758 2206 882 2247 eras
925 2188 1155 2260 funeriS,
1198 2199 1257 2248 et
1298 2208 1512 2260 comeS‚

392 2268 559 2328 Votis
600 2288 734 2327 cum
774 2269 1032 2329 Domino
1075 2269 1223 2329 fixus
1265 2290 1391 2329 eras
1433 2271 1616 2341 cruei3

392 2350 528 2409 Hoc
570 2361 791 2410 tantum
832 2352 986 2411 licuit
1027 2361 1163 2410 tunc
1204 2353 1309 2410 tibi
1350 2354 1561 2411 mutuis

554 2431 930 2509 Respondere
971 2433 1283 2493 doloribus.

389 2592 657 2653 Pendens
697 2593 932 2654 funerea
972 2594 1232 2658 Christus
1278 2597 1353 2654 ab
1397 2597 1613 2669 arbore,

392 2675 483 2733 Te
526 2677 692 2734 matri
733 2677 975 2736 miserae
1013 2678 1134 2754 Jam
1179 2680 1301 2737 sine
1345 2678 1479 2749 filio,

389 2755 609 2815 Natum
651 2759 951 2817 substituit.
1036 2759 1286 2818 Credere
1327 2760 1626 2836 Virginem

553 2839 748 2911 Quam
789 2858 893 2916 par
933 2850 1020 2900 est
1062 2842 1162 2899 tibi
1204 2842 1442 2918 virgini!

387 2999 521 3059 Tali
564 3000 828 3076 deposito
869 3003 1009 3079 quid
1050 3002 1392 3080 pretiosius?

387 3081 577 3141 Mater
617 3101 750 3141 vera
788 3083 900 3142 Dei
936 3084 1057 3161 J‘am
1100 3095 1199 3144 tua
1241 3084 1457 3156 dicitur,

387 3163 575 3222 Natus
613 3163 738 3240 jure
780 3166 902 3241 pari
943 3166 1164 3237 dicere;
1207 3167 1419 3224 mortui

549 3244 840 3322 Jacturam
879 3266 1110 3324 reparas
1152 3248 1281 3306 Dei.

1827 430 1896 482 41
