2467 3917
763 412 840 471 In
880 411 1041 470 Festo
1081 411 1146 472 S.
1173 412 1435 491 soanmk.
1820 434 1895 489 39

386 577 691 636 Fortunate
734 577 921 647 nimis,
964 577 1056 635 cui
1097 577 1314 636 licitum
1356 578 1460 637 fuit

386 659 700 717 Attrectare
742 676 919 716 manu
961 657 1220 716 Verbum
1263 659 1559 719 hominem
1600 660 1810 730 Deum,

390 740 564 799 Hunc
607 740 818 811 audire,
861 739 1041 798 oculis
1084 759 1332 812 cernere,
1375 751 1576 800 mutuo

551 821 711 893 Quin
756 831 812 880 et
855 821 1143 898 colloquio
1186 822 1332 880 frui!

393 985 557 1043 Haec
600 985 708 1043 dos
750 994 964 1060 quanta
1004 984 1124 1055 fuit,
1169 1004 1304 1044 cum
1346 985 1449 1043 tibi
1489 984 1726 1043 credidit

391 1067 603 1125 Sensus
647 1065 907 1124 Christus
950 1083 1151 1124 amans
1192 1067 1441 1141 pectoris
1484 1067 1731 1136 intimOS,

390 1148 641 1220 Quando
684 1157 881 1206 monte
925 1165 1096 1223 super
1135 1157 1290 1206 totus
1332 1148 1511 1207 homo
1553 1148 1714 1207 Deus

552 1229 690 1287 Sese
731 1230 968 1287 numine
1009 1230 1237 1288 vestiit?

390 1391 530 1469 Jesu
570 1402 632 1449 tu
672 1391 901 1467 placido
945 1391 1084 1450 dum
1126 1393 1367 1451 recubas
1411 1393 1553 1462 sinu,

391 1473 564 1532 Potas
606 1473 776 1550 plena
815 1473 947 1532 Deo
987 1473 1172 1532 vivida
1212 1474 1487 1545 flumina3

394 1554 607 1631 Illapsu
647 1555 819 1613 tacito
860 1573 924 1613 se
966 1556 1200 1630 propius
1242 1556 1353 1613 tuis

557 1635 790 1695 Numen
834 1636 1095 1695 sensibus
1137 1637 1346 1694 inserit.

395 1799 484 1856 Ex
527 1799 637 1857 hoc
679 1798 836 1856 fonte
878 1798 1072 1856 Deum
1114 1798 1339 1874 plenius
1381 1797 1682 1869 hauseras3

398 1879 624 1956 Corpus
666 1880 916 1938 destituit
958 1898 1123 1937 mens
1165 1880 1317 1937 velut
1359 1880 1549 1950 ebria3

397 1961 523 2032 Dic,
568 1980 701 2019 cum
743 1961 956 2019 blanda
997 1962 1159 2037 quies
1202 1961 1421 2020 lumina
1462 1962 1737 2031 clauserit,

561 2043 729 2115 Quae
772 2043 1041 2102 coelestia
1080 2043 1304 2102 videris.

399 2204 454 2263 Ο
499 2223 690 2264 sacros
732 2206 953 2264 aditus!
998 2204 1054 2265 O
1095 2207 1246 2263 bene
1286 2206 1470 2263 mutui

403 2286 533 2344 Hac
575 2287 772 2362 ignota
812 2297 980 2345 tenus
1021 2286 1231 2363 gaudia
1273 2286 1555 2362 pectorisi

398 2367 568 2439 Quae
609 2386 729 2426 non
769 2369 882 2427 tela
919 2368 1056 2444 Jacit
1098 2367 1262 2426 divus
1306 2385 1468 2426 amor
1510 2369 1684 2427 sacris

569 2448 682 2507 His
724 2449 1051 2508 fornacibus
1092 2449 1407 2507 incubans!

402 2612 559 2669 Hinc
600 2623 663 2669 tu
705 2630 933 2688 semper
974 2630 1192 2683 amans,
1236 2627 1464 2688 semper
1505 2611 1801 2670 amabilis:

403 2693 560 2751 Hinc
600 2702 659 2751 et
700 2692 901 2752 frontis
942 2694 1145 2765 houm,
1187 2695 1473 2769 virgineus
1515 2694 1737 2769 pudor3

404 2774 561 2832 Hinc
604 2774 851 2833 coeleste
887 2775 1072 2852 jubar,
1115 2776 1275 2851 quod
1318 2792 1555 2851 superos
1597 2774 1779 2844 decet,

569 2855 728 2914 Toto
770 2858 975 2916 vertice
1017 2857 1285 2916 funditur.

407 3019 565 3076 Hinc
607 3019 804 3077 creber
845 3020 1069 3095 repetis,
1113 3020 1310 3078 creber
1351 3019 1505 3077 idem
1548 3036 1756 3076 sonas:

406 3099 709 3175 Quidquid
750 3099 900 3171 fariS,
944 3119 1121 3172 amor,
1165 3102 1247 3160 sic
1290 3117 1452 3159 amor
1492 3100 1763 3175 imperat:

411 3181 528 3239 Vix
572 3199 698 3240 sese
741 3182 973 3264 capiens
1015 3192 1251 3252 aestuat,
1295 3192 1353 3241 et
1394 3182 1512 3240 suis

577 3262 784 3322 Pectus
825 3265 1103 3340 rumpitur
1143 3265 1387 3341 ignibus.
