2467 3917
591 404 609 441 1
624 391 699 456 46
1023 382 1100 443 In
1141 384 1345 444 Decoll.
1388 384 1452 445 S.
1480 386 1739 464 soanm‘s.

748 549 831 607 Sit
873 564 1100 607 summa
1141 548 1309 620 Pan-i,
1355 561 1693 628 summaque
1737 551 1898 624 Filio,

750 630 1077 706 Sanctoque
1118 648 1360 706 compar
1399 631 1580 706 gloria
1621 632 1895 692 Flamini:

749 711 992 770 Sanctae
1032 712 1258 771 litemus
1301 711 1566 773 Trinitati
1851 761 1860 769 .

746 792 1030 869 Perpetuo
1069 794 1168 869 pia
1206 793 1384 852 corda
1422 796 1593 855 cultu.

1185 1165 1277 1207 AD
1323 1163 1590 1210 LAUDES.

750 1350 920 1421 Ecce,
964 1349 1217 1410 saltantis
1257 1351 1503 1427 pretium
1543 1353 1782 1428 puellae,

753 1432 952 1513 Fertur
993 1433 1053 1489 in
1094 1432 1256 1492 disco
1298 1443 1469 1509 caput
1510 1444 1899 1508 amputatum:

753 1509 919 1572 Haec
960 1514 1263 1572 cruentatis
1304 1532 1454 1572 nova
1493 1514 1852 1591 proferuntur

916 1594 1154 1654 Fercula
1193 1596 1424 1654 mensis,
1507 1612 1516 1629 ·

758 1754 926 1831 Quae
967 1758 1137 1816 rudes
1179 1757 1349 1833 sylvis
1391 1759 1637 1834 populos
1681 1758 1938 1830 docebat,

755 1840 923 1912 Quae
964 1839 1157 1897 Deum
1197 1848 1318 1897 tota
1358 1840 1663 1900 resonabat
1704 1841 1847 1911 aula,

754 1922 858 1980 Illa
898 1940 1026 1992 vox,
1070 1920 1247 1978 eheu!
1297 1921 1489 1996 gladio
1530 1931 1763 1994 resecta,

916 2002 1084 2061 Muta
1122 2002 1322 2060 silebit.

756 2156 982 2224 Occidit
1022 2163 1219 2234 VateS,
1265 2174 1321 2222 et
1362 2164 1549 2223 adhuc
1591 2165 1834 2236 timetur,

756 2246 889 2305 Vox
933 2247 1057 2306 silet
1097 2247 1271 2317 verbi,
1315 2250 1481 2305 cruoi·
1522 2246 1613 2304 ille
1654 2246 1895 2307 clamat:

761 2328 970 2386 Sancta
1010 2328 1238 2386 fraterni
1280 2338 1552 2386 temerata
1593 2329 1772 2404 carpit

916 2408 1175 2468 Foedera
1216 2409 1361 2469 lecti.

760 2571 933 2630 Nube
974 2572 1083 2630 sub
1126 2571 1304 2630 densa
1340 2573 1508 2647 jubar
1547 2572 1861 2631 involutum

762 2653 1013 2712 Venerat
1054 2653 1239 2711 caecis
1282 2655 1498 2728 aperire
1541 2655 1741 2713 seclis:

762 2736 894 2793 Sole
935 2744 1176 2804 matum,
1219 2734 1370 2792 velut
1409 2735 1627 2805 umbra,
1672 2737 1842 2795 cessit

921 2814 1148 2874 Lucifer
1189 2813 1351 2873 Orbi.

760 2978 999 3036 Summa
1038 2979 1161 3036 laus
1201 2976 1371 3048 Patri,
1414 2979 1722 3055 genitoque
1765 2979 1994 3037 Verbo:

760 3059 835 3117 Et
875 3060 975 3117 tibi
1016 3077 1270 3135 compar,
1313 3060 1604 3137 utriusque
1645 3079 1827 3120 nexus

761 3141 1001 3217 Spiritus
1042 3159 1285 3217 semper,
1328 3140 1490 3201 Deus
1530 3161 1679 3202 unus
1720 3143 1877 3201 omni

922 3222 1231 3300 Temporis
1273 3241 1431 3285 aevo.
