2467 3917
732 413 809 473 In
866 412 1069 490 Vtgrt'lz'a
1108 413 1526 491 Assumptz'omk.
1823 436 1845 474 1
1859 400 1932 491 43

652 577 847 649 Quem
887 588 1018 637 tuus
1061 595 1224 637 amor
1265 579 1460 649 ebriat,

656 656 833 718 Novit
873 657 1013 736 quid
1053 660 1224 738 Jesus
1268 661 1480 736 sapiat:

659 739 854 811 Quam
894 741 1026 800 felix
1069 751 1156 801 est
1197 759 1373 818 quem
1415 743 1611 801 satiat!

656 820 796 880 Non
837 834 923 882 est
964 823 1109 881 ultra
1149 823 1309 899 quod
1351 825 1555 900 cupiat.

660 982 756 1043 Tu
796 985 927 1045 fons
967 986 1407 1057 misericordiae,

664 1064 762 1123 Tu
803 1086 934 1125 vere
976 1068 1171 1126 lumen
1211 1070 1444 1143 patriae,

661 1145 816 1206 Pelle
856 1149 1071 1207 nubem
1112 1147 1383 1220 tristitiae,

658 1226 823 1289 Dans
865 1231 1032 1289 nobis
1074 1231 1264 1290 lucem
1304 1231 1534 1307 gloriae.

1193 1410 1345 1423 ——Q

977 1531 1148 1593 AUG.
1203 1554 1299 1613 14.

401 1757 405 1761 .
515 1696 609 1754 IN
666 1697 1026 1781 VIGIL⁴IA
1083 1702 1766 1762 ASSUMPTIONIS

582 1830 909 1892 BEATAE
952 1833 1276 1893 MARIAE
1317 1832 1708 1893 VIRGINIS.

942 2036 1034 2079 AD
1077 2036 1345 2081 LAUDES.

507 2175 685 2247 Quod
726 2195 895 2236 carne
934 2177 1248 2249 Christum,
1293 2178 1491 2254 Virg0,
1535 2181 1704 2255 paris,
1747 2189 1953 2239 vocant

509 2256 665 2316 Hinc
707 2268 762 2316 te
805 2259 1066 2318 beatam:
1124 2262 1331 2318 rectius
1373 2279 1625 2337 occupas

507 2337 740 2397 Nomen
780 2341 998 2412 beatae,
1042 2360 1191 2416 quae
1232 2342 1387 2399 fideli

510 2418 848 2493 Credideris,
892 2424 987 2498 pia
1029 2423 1227 2499 Virg0,
1260 2424 1448 2497 corde.

520 2581 739 2645 Orbata
780 2584 952 2658 Nato,
996 2604 1115 2644 non
1149 2586 1503 2644 *muliebriter

512 2663 709 2725 Ploras
752 2667 1102 2744 ademptum.
1189 2668 1415 2727 Scilicet
1457 2668 1619 2726 altior

514 2744 744 2807 Tellure
786 2751 1079 2821 coelesteS,
1122 2749 1479 2825 triumphans

513 2825 649 2897 Quo
691 2831 870 2901 rediit,
915 2832 1206 2900 meditaris
1250 2849 1427 2890 arces,

516 2989 749 3052 Amoris
792 2992 921 3052 illuc
963 3004 1019 3052 te
1060 2995 1206 3070 rapit
1247 2994 1527 3069 impetus:

378 3110 389 3123 ἐ
514 3068 695 3132 Tardi
739 3074 841 3133 sed
884 3075 1114 3134 obstant
1153 3076 1379 3134 vincula
1419 3076 1695 3153 corporis,

515 3149 810 3231 Dolesque
852 3156 1056 3215 durum
1098 3158 1370 3234 longioris

525 3235 695 3295 Exilii
734 3239 973 3297 tolerare
1015 3240 1261 3315 pondus.
