2467 3917
511 419 624 462 120

983 398 1047 460 S.
1076 399 1321 477 soanmk·
1358 399 1617 477 Apostoli.

666 562 873 625 Edicto
914 563 1133 625 steriles
1171 563 1371 639 pulsus
1412 565 1472 622 in
1512 564 1725 622 insulas

666 647 815 705 Exul
855 656 990 704 tunc
1034 647 1192 704 socio
1234 646 1535 720 perfruitur
1575 645 1739 704 Deo:

669 729 785 787 Hic
825 738 1060 785 ventura
1099 727 1268 798 videt,
1312 746 1460 803 quae
1502 728 1724 786 calamo
1766 738 1970 786 notans

835 808 1116 868 Sublustri
1157 808 1368 867 nebula
1408 809 1562 885 tegit.

676 972 768 1030 Sic
809 989 918 1031 nos
960 970 1220 1031 Christus
1264 982 1433 1042 amet,
1477 973 1557 1030 sic
1601 972 1804 1030 doceat
1844 973 1998 1047 pati;

671 1053 1092 1130 Discamusque
1132 1055 1297 1124 mori,
1340 1054 1519 1113 simus
1559 1062 1622 1111 ut
1663 1063 1718 1111 et
1759 1056 1915 1117 necis

677 1136 883 1193 Sacrae
922 1135 1264 1211 participes:
1320 1154 1441 1194 non
1482 1135 1604 1193 aliis
1644 1144 1800 1210 patet
1939 1146 1942 1148 ’

834 1216 1080 1275 Coelum
1121 1217 1562 1276 conditionibus.

671 1377 822 1436 Patri
862 1378 1114 1436 maxima
1152 1378 1294 1450 laus,
1335 1379 1587 1437 maxima
1628 1378 1787 1448 Filio,
1973 1436 1980 1447 ,

672 1460 1111 1537 Amborumque
1153 1478 1317 1519 sacro
1359 1462 1610 1518 maxima
1652 1460 1929 1518 Flamini:

673 1540 841 1600 Haec
881 1552 968 1603 est
1009 1552 1162 1601 certa
1203 1542 1365 1613 fides,
1408 1542 1661 1601 fontibus
1704 1561 1736 1600 e
1778 1541 1893 1598 tuis

857 1625 1050 1697 Quam
1092 1623 1359 1682 divinitus
1398 1624 1709 1684 hausimus,

1110 1942 1204 1986 AD
1246 1941 1514 1986 LAUDES.

843 2181 1019 2259 Jussu
1059 2179 1282 2255 tyranni
1323 2195 1431 2254 pro
1473 2178 1586 2236 fide

843 2264 1064 2333 Pulsus,
1105 2261 1380 2338 Joannes,
1426 2260 1659 2318 exulas:

843 2345 1044 2403 Fertur
1083 2343 1278 2401 volatu
1319 2342 1499 2416 libero

845 2425 1017 2484 Mens
1059 2425 1212 2484 celsa
1255 2440 1428 2500 supra
1468 2423 1670 2482 sidera.

847 2586 966 2645 Illic
1007 2586 1215 2644 revelat
1258 2604 1321 2645 se
1360 2585 1463 2643 tibi

849 2668 967 2740 Qui
1006 2678 1265 2726 mortuus
1306 2667 1439 2724 vivit
1478 2664 1661 2737 DeuS‚

845 2751 1052 2825 Agnus
1094 2747 1289 2808 salutis
1330 2747 1532 2818 hostia,

850 2831 925 2888 Et
966 2840 1151 2890 morte
1194 2828 1416 2887 devicta
1457 2828 1564 2886 leo.

852 2995 1078 3051 Arcana
1117 3001 1177 3050 te
1215 3001 1405 3050 vatem
1448 2991 1615 3049 docet

855 3074 1045 3149 Regni
1087 3074 1173 3131 sui
1213 3072 1514 3148 mysteria:

855 3155 1060 3213 Pandit
1102 3172 1302 3213 cruore
1346 3153 1662 3230 Martyrum

854 3236 1083 3314 Ubique
1126 3237 1509 3313 spargendam
1550 3236 1745 3294 fidem.
