2467 3917
1010 438 1087 498 In
1127 437 1289 497 Festo
1335 435 1401 509 Q.
1443 434 1778 512 Plagarum.

838 635 965 693 Nos
1009 632 1370 709 sempiternis
1413 649 1552 690 crux
1595 640 1693 689 tua

836 716 894 776 O
937 714 1176 786 Christe,
1219 713 1469 772 flammis
1511 713 1686 770 eruit:

838 798 953 856 Hic
995 816 1096 855 ure
1137 795 1363 866 vindex,
1405 794 1498 853 hic
1541 812 1691 864 seca,

838 880 1046 938 Parcas
1086 879 1146 936 in
1185 887 1480 937 aeternum
1520 876 1715 939 modo,

839 1042 992 1101 Caro
1030 1039 1333 1111 reclamat;
1378 1038 1480 1098 sed
1521 1038 1700 1096 Patris

842 1124 1024 1199 Urget
1064 1122 1358 1180 voluntas:
1397 1139 1505 1179 nos
1545 1130 1643 1178 tua

846 1204 1068 1263 Virtute
1109 1204 1185 1261 da
1225 1201 1398 1261 fortes
1441 1202 1620 1278 sequi,

844 1286 1000 1362 Jesu‚
1043 1284 1202 1361 quod
1243 1283 1510 1359 exemplo
1554 1283 1746 1342 doces.

846 1449 1051 1506 Livore
1093 1456 1322 1506 sanatos
1362 1454 1479 1517 tuo,

848 1530 1097 1606 Tuoque
1138 1529 1288 1587 lotos
1330 1528 1623 1604 sanguine,

849 1611 1151 1671 Peccando
1190 1629 1267 1668 ne
1306 1626 1517 1668 novam
1559 1609 1710 1666 sinas

852 1694 1055 1752 Parare
1096 1711 1205 1751 nos
1247 1692 1348 1750 tibi
1389 1708 1633 1750 crucem.

854 1856 971 1927 Qui
1014 1855 1219 1914 Filium
1260 1855 1443 1925 tradit,
1486 1852 1654 1923 Patri,

856 1937 1125 2013 Natoque
1167 1938 1238 1995 sit
1278 1936 1401 1995 laus
1441 1934 1701 1992 victimae
1748 1953 1760 1990 :

854 2018 964 2076 Par
1005 2019 1076 2077 sit
1115 2018 1217 2076 tibi
1260 2018 1399 2087 laus,
1442 2017 1540 2092 qui
1583 2032 1804 2073 sacram

856 2099 1167 2159 Succendis
1211 2116 1386 2169 aram,
1432 2097 1687 2174 Spiritus.

1217 2426 1310 2468 AD
1353 2424 1483 2470 LAU
1491 2424 1621 2468 DES.

780 2639 945 2710 Quae
986 2646 1044 2695 te
1084 2654 1189 2712 pro
1230 2636 1429 2711 populi
1470 2594 1800 2694 criminibus
1841 2652 1989 2692 nova

782 2721 1079 2778 Insontem
1119 2727 1386 2793 properat
1427 2718 1664 2792 perdere
1706 2716 1952 2776 caritas?

784 2801 942 2872 Quid
982 2817 1101 2857 non
1141 2816 1250 2875 pro
1290 2799 1498 2857 misera
1537 2809 1709 2874 gente
1749 2798 1855 2856 luis
1897 2797 2094 2855 volens

943 2882 1150 2940 Factus
1191 2880 1421 2938 victima
1463 2880 1766 2938 Pontifex?

785 3045 944 3104 Clavi
985 3044 1083 3120 qui
1122 3043 1419 3119 geminum
1459 3043 1850 3119 nansadigunt
1890 3041 2122 3118 pedem,

786 3126 1058 3202 Captivos
1097 3125 1306 3200 laqueo
1348 3125 1644 3184 daemonis
1685 3134 1919 3194 eruunt3

788 3208 1241 3283 Transfixaeque
1280 3224 1486 3266 manus
1527 3208 1818 3266 excutiunt
1857 3214 2038 3275 vetuS,

948 3288 1084 3363 Quo
1124 3290 1374 3350 mundus
1415 3290 1704 3366 premitur,
1739 3289 1963 3365 jugum.
