2467 3917
656 390 826 449 Intra
873 389 1137 449 Octavam
1179 390 1548 468 Epiphaniae.

382 554 512 612 Nos
555 554 716 613 radix
758 556 919 613 oleae
963 556 1217 617 sustinet.
1276 557 1404 615 Ah!
1452 576 1604 629 cave,

381 637 501 707 Qui
544 647 676 708 εἴας,
718 656 792 695 ne
837 637 1007 695 sterili
1048 638 1281 697 deficias
1323 639 1452 698 fide.

381 718 482 775 Tu
523 736 715 777 ramos
758 728 975 777 veteres
1017 720 1201 778 insere
1246 721 1473 780 denuo:

546 798 643 857 Tu
685 819 863 872 serva,
904 800 1083 872 DeuS‚
1124 802 1342 861 insitos

378 963 499 1034 Qui
540 981 651 1021 nos
689 965 955 1022 membra
993 965 1137 1023 sacri
1179 966 1436 1041 corporis
1477 966 1667 1036 efficit,

381 1045 466 1102 Sit
507 1046 629 1103 laus
673 1064 899 1104 summa
940 1046 1128 1104 Patri:
1180 1048 1304 1105 laus
1347 1066 1578 1123 quoque
1621 1048 1782 1119 Filio,

380 1126 564 1203 Cujus
604 1129 867 1185 membra
910 1147 1145 1186 sumus:
1196 1147 1314 1205 quo
1355 1131 1516 1206 vigor
1558 1130 1739 1188 influit

529 1207 839 1281 «Membris,
881 1211 1004 1269 laus
1045 1211 1163 1281 tibi,
1209 1210 1465 1286 Spiritus,

908 1535 1240 1547 Ἥ

449 1752 713 1810 INTRA
756 1751 1167 1811 OCTAVAM
1209 1752 1732 1816 EPIPHANIAE.

753 1989 843 2031 AD
886 1988 1193 2060 OFFICIUM
1237 1989 1428 2034 NOCT-

376 2185 515 2256 Qua
554 2183 720 2259 lapsu
761 2182 935 2242 tacito
979 2183 1139 2243 stella
1178 2184 1523 2258 loquacibus

378 2265 654 2324 Scintant
694 2266 883 2336 radiis,
926 2265 1039 2324 huc
1081 2266 1263 2323 oculis
1306 2265 1487 2340 Magi,

375 2348 514 2406 Huc
558 2348 868 2418 desideriis,
910 2348 1024 2405 huc
1065 2347 1279 2421 rapidis
1323 2348 1494 2405 simul·

540 2429 776 2488 Certant
815 2429 1051 2487 tendere
1093 2429 1377 2504 passibus.

374 2591 457 2648 Ut
500 2601 735 2650 ventum
778 2592 1092 2668 Solymam‚
1135 2610 1259 2649 non
1302 2593 1425 2651 sine
1467 2595 1704 2652 numine

373 2673 613 2731 Laetam
657 2674 816 2732 stella
856 2676 1061 2745 facem,
1104 2673 1252 2748 proh
1296 2673 1459 2733 dolor
1480 2678 1508 2731 1,
1543 2678 1782 2748 occulit;

376 2756 753 2830 Incertosque
795 2757 935 2827 viae,
980 2774 1087 2814 eeu
1127 2755 1322 2813 medio
1365 2775 1572 2831 vagam

539 2837 744 2908 Cursn,
788 2837 1055 2908 destituit,
1097 2847 1296 2897 ratem.

374 2999 479 3068 Illi,
522 2999 599 3056 nil
641 3001 860 3058 rabiem
900 3000 1194 3076 principis,
1237 2998 1461 3057 invidas

372 3080 474 3138 Nil
517 3090 666 3140 artes
707 3082 882 3152 veriti,
927 3080 1110 3160 (tanta
1151 3082 1359 3140 animis
1401 3080 1544 3142 fides
1565 3079 1604 3159 !)

372 3161 551 3220 Urbis
593 3181 699 3239 per
738 3164 993 3239 trepidae
1036 3165 1291 3239 compita
1332 3163 1667 3238 praedicant

504 3271 511 3282 ¹
539 3244 768 3321 Regem
809 3263 1081 3320 quaerere
1124 3264 1203 3304 se·
1229 3263 1464 3308 novum.

1246 3343 1284 3383 E
1321 3345 1352 3382 2
