2467 3917
562 406 678 474 384

924 399 1118 457 Missa
1146 399 1209 455 de
1238 396 1445 474 Septem
1472 397 1788 456 Dolorzbus.

882 533 997 591 Fac
1039 542 1102 589 ut
1143 531 1339 589 ardeat
1379 547 1479 588 cor
1518 548 1715 588 meum

883 616 953 672 In
995 613 1247 672 amando
1290 611 1579 669 Christum
1622 612 1834 682 Deum,

957 695 1038 754 Ut
1082 696 1188 753 sibi
1230 694 1640 770 complaceam.

883 811 1092 868 Sancta
1135 809 1338 879 Mater,
1382 808 1533 866 istud
1576 828 1733 885 agas,

877 892 1145 950 Crucifixi
1187 891 1301 966 fige
1343 891 1542 965 plagas

963 973 1138 1032 Cordi
1180 991 1316 1029 meo
1364 972 1581 1029 valide:
1653 1017 1656 1022 .

883 1055 999 1113 Tui
1027 1056 1143 1112 nati
1185 1054 1474 1125 vulnerati,
1763 1105 1766 1112 .

878 1136 1009 1213 Jam
1053 1136 1269 1211 dignati
1309 1153 1415 1210 pro
1457 1153 1552 1192 me
1595 1136 1726 1209 pati,

959 1217 1185 1275 Poenas
1227 1234 1458 1274 mecum
1500 1216 1701 1274 divide.

882 1332 998 1390 Fac
1041 1350 1135 1389 me
1179 1350 1308 1389 vere
1350 1342 1542 1389 tecum
1591 1331 1742 1395 flere,

882 1414 1171 1471 Crucifixo
1213 1412 1538 1482 condolere,

959 1495 1165 1552 Donec
1207 1512 1320 1569 ego
1361 1495 1590 1551 vixero:

877 1575 1051 1652 Juxta
1092 1595 1322 1634 crucem
1362 1585 1552 1633 tecum
1596 1585 1758 1644 stare,

881 1658 971 1715 Te
1014 1659 1253 1715 libenter
1296 1658 1512 1714 sociare

960 1739 1030 1795 In
1071 1739 1305 1814 planctu
1345 1738 1624 1796 desidero.

879 1853 1062 1928 Virgo
1103 1852 1383 1926 virginum
1424 1850 1727 1926 praeclara,

879 1933 1026 1991 Mihi
1063 1935 1184 2009 jam
1225 1950 1345 1990 non
1387 1933 1464 1991 sis
1507 1950 1715 2000 amara,

960 2015 1077 2073 Fac
1118 2033 1214 2072 me
1258 2024 1451 2072 tecum
1492 2014 1794 2089 plangere;

880 2097 995 2155 Fac
1037 2107 1098 2154 ut
1137 2107 1365 2172 portem
1394 2095 1602 2153 Christi
1642 2105 1905 2163 mortem,

880 2178 1171 2236 Passionis
1212 2178 1337 2252 ejus
1380 2186 1591 2236 sortem

962 2259 1037 2317 Et
1064 2259 1267 2335 plagas
1309 2258 1572 2317 recolere.

882 2375 996 2433 Fac
1037 2393 1134 2435 me
1175 2375 1361 2449 plagis
1402 2374 1694 2443 vulnerari,

884 2456 1068 2514 Cruce
1110 2457 1217 2513 hac
1262 2456 1539 2525 inebriari,

958 2537 1055 2595 Ob
1097 2555 1354 2595 amorem
1398 2536 1538 2594 Filii.

884 2619 1279 2677 Inflammatus
1323 2627 1380 2675 et
1420 2637 1694 2677 accensus

882 2700 990 2758 Per
1031 2711 1104 2771 te,
1147 2700 1347 2776 Virg0‚
1389 2701 1497 2757 sim
1539 2698 1807 2758 defensus

962 2780 1033 2839 In
1075 2783 1168 2839 die
1206 2782 1418 2858 judicii.

884 2895 998 2952 Fac
1040 2909 1134 2953 me
1177 2910 1345 2953 cruce
1388 2896 1686 2966 custodiri,'·

881 2976 1072 3035 Morte
1115 2977 1326 3036 Christi
1367 2978 1728 3053 praemuniri,

964 3056 1273 3116 Confoveri
1315 3059 1512 3134 gratia.

881 3138 1136 3210 Quando
1176 3157 1387 3215 corpus
1428 3141 1714 3209 morietur,

884 3221 998 3279 Fac
1040 3231 1103 3279 ut
1144 3222 1368 3279 animae
1411 3222 1669 3291 donetur,

960 3302 1213 3362 Paradisi
1254 3304 1448 3378 gloria.
