2467 3917
943 387 1120 445 Feria
1178 386 1237 444 V.

616 551 801 609 Menti
844 550 946 608 sed
988 561 1251 609 aeternae
1294 552 1455 609 cibus

614 632 870 691 Debetur
912 632 1082 690 alter:
1128 633 1273 691 haec
1317 631 1430 690 Dei

615 714 893 773 Sermone
935 715 1099 771 vivit:
1142 714 1293 773 hanc
1335 714 1488 772 fovet

615 795 895 854 Coelestis
936 805 993 854 et
1040 798 1212 854 nutrit
1256 796 1414 854 fides.

615 927 893 1000 Quaesita
936 927 1146 986 Christi
1184 929 1467 1003 sanguine

614 1009 872 1067 Manavit
914 1010 974 1066 in
1015 1019 1191 1067 terras
1234 1010 1395 1080 fides,

610 1092 686 1149 Et
727 1092 1032 1167 impiarum
1073 1102 1307 1167 pectora

610 1173 829 1231 Victrix
872 1173 1099 1248 subegit
1139 1175 1412 1248 gentium.

614 1305 735 1362 Fax
778 1303 872 1361 illa
912 1305 1068 1379 puris
1111 1304 1380 1363 cordibus

613 1386 935 1443 Monstrare
979 1386 1174 1443 coelos
1218 1386 1435 1456 efficax,

612 1469 864 1525 Aeterna
905 1467 1094 1541 dignis
1138 1469 1332 1525 incitat

612 1548 799 1606 Factis
841 1549 1045 1606 mereri
1085 1551 1356 1624 praemia.

614 1679 807 1736 Sancti
847 1679 1099 1748 leonum,
1144 1696 1247 1754 per
1290 1677 1482 1748 fidem,

613 1760 864 1818 Mulsere
907 1760 1162 1833 rugitus:
1212 1770 1400 1818 truces

610 1842 852 1916 Fregere
895 1851 1238 1915 regnantum
1281 1841 1499 1910 minas3

613 1922 812 1980 Risere
856 1922 1155 1980 stridentes
1199 1939 1393 2005 rogos,

612 2054 744 2111 Hac
787 2055 913 2112 luce
956 2054 1261 2128 signatum,
1305 2054 1482 2124 Deu8‚

612 2135 847 2194 Calcare
890 2136 1047 2193 dona
1087 2137 1388 2206 tramitem,

615 2218 685 2275 Et
726 2218 972 2275 caritatis
990 2218 1219 2294 ‘uberes

613 2299 853 2357 Fructus
896 2297 1088 2355 eundo
1131 2317 1379 2373 carpere.

610 2430 741 2488 Deo
783 2431 935 2489 Patri
978 2430 1050 2488 sit
1089 2429 1289 2505 gloria,

610 2513 868 2589 Ejusque
909 2512 1015 2570 soli
1058 2511 1216 2581 Filio,

614 2593 826 2652 Sancto
869 2593 1037 2652 simul
1079 2612 1212 2651 cum
1259 2593 1482 2668 Spiritu,

611 2675 800 2744 Nunc,
844 2684 899 2733 et
942 2693 1043 2750 per
1084 2693 1258 2732 omne
1300 2674 1569 2732 seculum.

879 2888 971 2929 AD
1023 2886 1292 2930 LAUDES.

611 2992 833 3068 Dignas
877 2993 1020 3067 quiS,
1065 2990 1120 3052 O
1162 2989 1341 3059 Deus,
1385 2988 1485 3045 tibi

613 3074 844 3132 Laudes
885 3072 1178 3149 rependat,
1223 3071 1322 3147 qui
1364 3080 1463 3127 tuo

613 3155 782 3213 Pellis
824 3157 1085 3217 tenebras
1128 3153 1358 3221 lumine,

614 3236 821 3297 Salutis
863 3247 920 3301 et
961 3246 1246 3305 monstras
1288 3234 1478 3292 viam?

1525 3327 1567 3369 0
