2467 3917
1083 372 1393 421 PRAEFA
1414 371 1555 418 TIO.

521 557 702 609 nostris,
727 556 818 615 qui,
843 569 982 602 caeco
1016 556 1217 614 quodam
1250 551 1602 607 reformationis,
1625 564 1765 610 quam
1788 556 1973 604 vocant,
1996 555 2128 593 aestu

526 687 575 731 in
596 684 811 747 Ecclesia!
828 685 994 743 passim
1029 685 1247 738 fervente,
1271 697 1296 727 e
1319 679 1609 743 religionibus
1642 678 1745 733 suis,
1769 692 1862 723 non
1896 690 2012 736 quae
2047 690 2129 721 ex·

526 817 729 854 terorum
770 807 967 853 studium
1009 815 1231 866 posceret,
1266 807 1344 852 sed
1384 820 1500 865 quae
1541 805 1608 851 vis
1648 811 1955 863 extorqueret,
1989 801 2127 847 missa

526 932 761 985 fecerunt;
813 947 838 976 a
885 931 1114 976 malesana
1154 928 1443 989 philosophia
1484 929 1645 988 ereptis
1682 927 1886 982 caeteris,
1927 941 1979 971 ea
2019 939 2130 970 con-

527 1053 744 1109 cedendo,
781 1067 897 1112 quae
936 1053 1228 1099 sanctitatem
1268 1053 1401 1112 plane
1441 1053 1627 1107 nullam,
1666 1066 1825 1112 parem
1866 1059 2022 1098 autem
2061 1049 2131 1094 in-

527 1177 697 1223 vidiam
741 1177 976 1224 haberent.
1051 1177 1172 1222 Hinc
1213 1177 1291 1232 illi,
1332 1177 1494 1237 quibus
1532 1192 1653 1223 nunc
1698 1176 1884 1230 utimur,
1923 1175 2036 1221 ritus
2082 1182 2130 1219 et

529 1300 841 1346 caeremoniae
860 1315 872 1354 3
906 1299 1013 1344 hinc
1035 1312 1185 1344 rerum
1209 1298 1465 1344 divinarum
1488 1298 1603 1344 ordo
1622 1314 1634 1353 3
1667 1297 1774 1342 hinc
1799 1305 1844 1342 et
1868 1294 2128 1353 disciplinae

527 1432 708 1469 nostrae
732 1425 879 1469 forma
904 1431 949 1468 et
973 1423 1136 1484 agendi
1159 1422 1278 1469 ratio
1302 1418 1544 1483 repetenda
1569 1430 1651 1469 est.

600 1546 739 1602 Quod
781 1546 815 1591 si
849 1545 931 1591 fiat
965 1546 1187 1604 quaesti0,
1221 1560 1300 1591 cur
1341 1545 1669 1608 diligentissimi
1703 1544 1802 1599 viri,
1837 1557 1940 1589 cum
1974 1549 2130 1588 nostra

530 1670 683 1716 omnia
709 1678 1020 1724 retractarent,
1047 1669 1350 1731 hymnodiam
1382 1670 1532 1717 solum
1563 1669 1801 1724 intactam,
1826 1677 1872 1714 et
1903 1676 2127 1727 tanquam

528 1797 828 1855 desperatam,
853 1811 909 1842 ne
933 1796 1083 1842 dicam
1106 1796 1417 1855 improbatam
1440 1797 1716 1856 reliquerint,
1733 1796 1779 1841 id
1801 1810 1910 1842 vero
1934 1809 1992 1840 ex
2013 1795 2132 1852 ejus-

527 1918 654 1964 modi
678 1919 855 1964 silentio
879 1918 1068 1963 minime
1099 1918 1405 1980 colligendum
1438 1918 1536 1964 erit.
1602 1918 1742 1973 Nam,
1763 1931 1872 1963 cum
1905 1925 2128 1962 statutum

530 2050 659 2096 esset,
677 2051 728 2088 ut
753 2042 900 2089 cultus
921 2042 1114 2097 divinus,
1133 2056 1189 2087 eo
1211 2056 1353 2102 usque
1376 2042 1424 2087 in
1447 2041 1616 2088 Latino
1639 2042 1857 2088 idiomate
1881 2041 2131 2096 absolutuS,

530 2167 740 2215 transiret
769 2167 816 2211 in
846 2166 1152 2220 vernaculam,
1176 2165 1276 2225 quis
1309 2165 1452 2221 daret,
1477 2173 1528 2211 ut
1560 2165 1636 2225 qui
1667 2173 1851 2225 possent
1882 2164 2052 2223 aliquid
2084 2164 2133 2208 in

530 2291 662 2336 rebus
686 2289 997 2342 reformandis,
1016 2288 1047 2333 ii
1070 2289 1118 2333 in
1140 2288 1322 2347 poetica
1346 2287 1558 2334 florerent
1583 2288 1728 2345 simul,
1747 2288 1886 2334 verba
1907 2296 2062 2334 autem
2086 2288 2135 2332 in

530 2426 709 2459 versum
734 2420 779 2459 et
798 2411 1083 2470 quaestiones
1103 2411 1160 2456 ad
1178 2411 1384 2457 veritatis
1402 2425 1627 2466 normam,
1644 2411 1740 2470 pari
1758 2412 1940 2458 solertia
1960 2411 2135 2473 redige-

528 2538 669 2583 rent?
735 2537 868 2582 Unde
900 2538 1074 2582 factum
1106 2545 1187 2592 est,
1212 2546 1265 2583 ut
1297 2537 1345 2582 in
1374 2536 1536 2583 officiis
1571 2536 1747 2591 divinis,
1764 2536 1880 2582 dum
1910 2535 2135 2582 habemus

530 2669 725 2714 caetera,
747 2661 944 2721 hymnos
967 2677 1062 2706 non
1083 2661 1350 2708 habeamus.

597 2788 755 2845 Qare
797 2787 844 2831 in
883 2785 972 2832 hac
1012 2764 1241 2832 Ecclesiae
1281 2794 1465 2832 nostrae
1504 2788 1805 2847 qualicunque
1836 2787 2008 2847 inopia,
2041 2786 2134 2833 hoc

533 2919 756 2969 tempore²
785 2909 954 2955 Lector
987 2908 1223 2963 benevole,
1256 2909 1339 2953 tibi
1376 2910 1643 2971 apponenda
1678 2909 1918 2956 statuimus
1952 2909 2028 2955 illa
2059 2910 2141 2957 vel

534 3033 714 3079 illorum
740 3029 915 3085 similia,
939 3047 1055 3090 quae
1080 3032 1221 3078 nostri
1247 3032 1293 3077 in
1318 3034 1498 3079 saeculo
1532 3034 1711 3080 decimo
1747 3041 1891 3088 sexto,
1915 3047 2021 3081 cum
2054 3048 2137 3081 sua

536 3162 698 3211 essent,
732 3154 789 3202 de
821 3153 1031 3203 manibus
1065 3156 1309 3216 prudenter
1343 3157 1623 3213 amiserunt;
1665 3171 1760 3203 non
1794 3156 1886 3210 illa,
1919 3169 1978 3207 ex
2009 3156 2153 3204 omni-
