2467 3917
927 378 1238 455 Justorum.

619 522 729 593 Da,
772 520 1015 591 Christe,
1059 521 1140 578 sic
1182 537 1291 578 nos
1333 520 1532 591 vivere,

616 603 923 662 Discamus
966 611 1028 660 ut
1070 619 1298 677 semper
1338 602 1516 660 mori:

619 685 729 756 Da,
772 693 905 760 post
946 683 1131 742 brevis
1172 684 1319 742 vitae
1361 684 1500 755 dies,

619 766 790 825 Vitae
831 765 1097 842 perennis
1138 765 1366 841 gaudia.

625 929 785 987 Fons
829 928 1155 999 sanctitatis,
1200 927 1257 987 O
1299 928 1460 988 Deus

618 1012 870 1069 Aeterna
909 1009 1202 1086 Justorum
1246 1010 1425 1085 quieS,

619 1091 829 1151 Honor
868 1090 986 1161 tibi,
1029 1092 1169 1163 laus,
1212 1092 1409 1167 gloria,

621 1173 678 1231 Ν
680 1192 792 1232 unc
834 1182 891 1230 et
933 1191 1035 1247 per
1075 1191 1250 1232 omne
1295 1171 1565 1232 seculum.
1656 1167 1663 1174 “

895 1578 985 1621 AD
1027 1575 1297 1620 LAUDES.

622 1765 740 1837 Qui
782 1773 855 1835 te,
898 1762 1077 1833 DeuS‚
1120 1762 1228 1820 sub
1270 1761 1471 1820 intimo

620 1848 846 1904 Amans
888 1844 1101 1920 recepit
1142 1852 1390 1919 pectore,

620 1928 759 1988 Non
799 1927 890 1986 ille
933 1936 1107 1985 terras
1149 1925 1394 2001 amplius

623 2010 895 2088 Suspirat,
939 2009 1147 2067 oblitus
1190 2008 1295 2066 sui.
1326 2054 1327 2057 η

621 2172 779 2244 Quid
820 2190 960 2247 ergo
1000 2171 1219 2247 gaudes
1262 2179 1488 2229 nectere

622 2253 842 2313 Tristes
882 2271 1075 2311 moras
1117 2252 1479 2310 amantibus?

623 2334 817 2394 Terris
858 2335 1110 2393 retardas
1152 2334 1348 2391 exules

621 2416 789 2475 Cives
830 2416 968 2492 polo
1009 2432 1157 2491 quos
1200 2414 1466 2472 destinaS.

620 2577 794 2645 Hinc¹
819 2577 994 2636 fervet
1034 2577 1095 2634 in
1136 2577 1260 2635 dies
1301 2594 1464 2636 amor
1479 2597 1495 2649 3

619 2659 690 2716 In
730 2668 862 2717 vota
901 2659 1004 2717 toti
1045 2659 1343 2734 diffluunt:

616 2741 713 2798 Ad
754 2751 905 2800 astra
945 2740 1340 2799 festinantibus

617 2820 710 2880 Fit
750 2840 940 2898 poena
980 2824 1094 2881 vita
1134 2823 1376 2898 longior.

618 2984 732 3043 Vix
776 2986 880 3043 iste
923 2986 1066 3044 tardi
1108 2987 1363 3061 corporis

623 3065 859 3127 Pondus
900 3068 1207 3126 molestum
1249 3067 1517 3138 sustinet;

615 3148 759 3207 Prae
800 3150 999 3207 mortis
1040 3158 1287 3224 occupat
1328 3148 1497 3219 diem,

616 3230 842 3289 Ardens
883 3230 1015 3289 Deo
1057 3248 1121 3290 se
1156 3231 1415 3308 jungere.

1302 3329 1341 3371 ο
1374 3329 1403 3367 2

1791 400 1899 460 195
