2467 3917
543 397 620 451 88

971 391 1048 452 In
1095 394 1306 453 Octava
1345 396 1710 456 Ascensionzk.

783 557 918 615 Pios
959 557 1155 616 locans
1189 559 1266 617 ad
1308 560 1617 632 dexteram,

784 638 1030 714 Repellit
1071 641 1145 698 ad
1187 641 1410 699 laevam
1450 661 1613 701 reos:

784 720 959 779 Novit
997 739 1237 797 gregem
1278 722 1480 782 Pastor
1521 743 1708 796 suum,

783 801 940 860 Oves
979 803 1056 860 ab
1092 804 1292 863 haedis
1334 817 1613 882 segregat.

781 950 876 1007 Ad
914 949 1132 1026 Judicis
1173 952 1376 1010 sedent
1416 953 1579 1024 latus,

779 1031 1162 1108 Quicumque,
1206 1035 1409 1109 spretis
1451 1037 1740 1105 omnibus,

778 1113 999 1188 Fugere
1041 1116 1323 1173 mundum
1365 1114 1664 1192 paupereS‚

777 1192 969 1252 Deum
1012 1197 1189 1263 secuti
1231 1215 1561 1273 pauperem.

776 1342 932 1400 Crux
972 1352 1102 1401 aute
1143 1341 1379 1420 Judaeis
1419 1345 1712 1419 probrum,

777 1423 1112 1482 Ludibrium
1154 1443 1292 1485 crux
1332 1426 1615 1501 gentibuS‚

777 1504 988 1564 Terror
1027 1507 1155 1576 reiS‚
1197 1507 1406 1581 probis·
1436 1526 1614 1578 amor,

779 1587 1021 1645 Summo
1062 1588 1297 1647 micabit
1338 1590 1581 1647 aethere.

776 1736 978 1794 Fixere
1018 1754 1194 1811 quem
1236 1737 1391 1795 dirae
1433 1738 1595 1808 trabi,

775 1816 1041 1887 Cernent,
1082 1819 1387 1893 pavebunt,
1431 1819 1765 1894 ingement:

775 1897 952 1957 Vultu
992 1899 1185 1956 beabit
1226 1917 1345 1974 quo
1388 1917 1541 1971 suos,

778 1978 912 2037 Hoc
953 1981 1224 2038 territabit
1263 1981 1492 2056 impios.

774 2130 906 2200 Fae,
951 2130 1191 2201 Christe,
1234 2149 1309 2188 ne
1350 2148 1542 2190 mores
1584 2133 1776 2192 bonos

776 2211 1036 2287 Contage
1077 2212 1330 2270 mundus
1371 2213 1668 2288 inquinet:

777 2292 1020 2351 Secerne
1061 2311 1169 2352 nos
1212 2295 1289 2351 ab
1331 2294 1607 2369 improbis

772 2373 865 2432 Ne
906 2375 1249 2433 misceamur
1291 2377 1566 2434 sontibus,

772 2521 1028 2580 Venture
1070 2521 1260 2599 Judex
1303 2525 1495 2593 seculi,

766 2601 925 2679 Jesu,
967 2604 1067 2661 tibi
1109 2605 1180 2661 sit
1220 2604 1402 2679 gloria

775 2683 926 2742 Cum
968 2683 1151 2755 Patre,
1194 2703 1443 2761 cumque
1489 2684 1718 2762 Spiritu,

774 2766 843 2822 In
885 2767 1231 2842 sempiterna
1273 2768 1480 2824 secula.

880 2944 970 2987 AD
1013 2944 1266 2988 LAUDES
1309 2944 1394 2987 ET
1439 2943 1763 2990 VESPERAS.

770 3056 973 3127 Nobis,
1015 3057 1251 3133 olympo
1292 3056 1545 3115 redditus

771 3137 904 3209 Qui,
951 3138 1192 3209 Christe,
1238 3139 1404 3197 sedes
1446 3157 1772 3215 praeparaS,

769 3217 896 3279 Nos
938 3220 1132 3278 exules
1174 3221 1233 3278 in
1273 3220 1515 3296 patriam

770 3299 992 3362 Trahas
1035 3304 1248 3362 amoris
1289 3302 1549 3362 nexibus,
