2467 3917
532 416 639 454 102

886 392 963 460 In
1002 392 1167 459 Festo
1213 391 1477 477 Corporis
1521 392 1755 455 Chrzlvtz'.

847 556 1077 629 Quibus
1118 558 1228 617 sub
1268 556 1409 615 bina
1450 558 1642 634 specie

851 638 1104 709 Carnem
1132 638 1291 699 dedit
1330 648 1388 698 et
1429 641 1804 715 sanguinem;

846 721 931 781 Ut
973 720 1215 796 duplicis
1257 722 1608 780 substantiae

847 801 1071 861 Totum
1112 803 1327 863 cibaret
1367 802 1684 863 hominem,

847 933 924 992 Se
964 951 1211 993 nascens
1245 932 1411 1001 dedit
1452 934 1692 1006 socium,

847 1015 1218 1074 Convescens
1260 1016 1320 1074 in
1361 1015 1651 1074 edulium:

851 1096 928 1159 Se
969 1098 1221 1157 moriens
1264 1097 1324 1156 in
1364 1098 1628 1174 pretium,

852 1178 928 1237 Se
969 1194 1218 1255 regnans
1261 1179 1359 1238 dat
1399 1180 1460 1238 in
1499 1179 1838 1257 praemium.

852 1310 913 1370 O
953 1310 1211 1369 salutaris
1254 1309 1483 1382 Hostia,

850 1391 1023 1464 Quae
1064 1392 1212 1450 coeli
1252 1392 1460 1469 pandis
1502 1394 1751 1451 ostium:

852 1473 1015 1531 Bella
1055 1483 1324 1550 premunt
1365 1473 1626 1546 hostilia3

851 1554 947 1613 Da
987 1557 1181 1626 robur,
1221 1555 1306 1614 fer
1346 1556 1638 1615 auxilium.

853 1686 975 1759 Qui
1017 1705 1188 1746 carne
1227 1704 1338 1746 nos
1379 1688 1571 1764 pascis
1612 1697 1730 1759 tua,

856 1767 941 1827 Sit
982 1768 1109 1827 laus
1149 1769 1271 1841 tibi,
1313 1767 1520 1828 Pastor
1558 1771 1730 1840 bone,

854 1848 1008 1907 Cum
1050 1849 1218 1909 Patre
1261 1867 1510 1926 cumque
1555 1851 1785 1927 Spiritu,

855 1930 926 1991 In
968 1932 1318 2009 sempiterna
1358 1932 1566 1991 secula.

918 2171 1012 2214 AD
1053 2170 1381 2215 SECUNDAS
1424 2170 1748 2215 VESPERAS.

854 2289 1069 2366 Pange,
1111 2289 1325 2366 lingua,
1369 2291 1602 2366 gloriosi

859 2370 1135 2448 Corporis
1175 2373 1528 2448 mysterium,

858 2451 1281 2529 Sanguinisque
1320 2455 1557 2531 pretiosi

859 2532 1055 2605 Quem
1096 2535 1156 2592 in
1196 2536 1399 2593 mundi
1440 2536 1704 2612 pretium,

859 2614 1099 2674 Fructus
1140 2617 1352 2676 ventris
1392 2618 1675 2692 generosi,

857 2695 990 2754 Rex
1032 2696 1232 2755 effudit
1273 2699 1550 2773 gentium.

857 2827 1046 2887 Nobis
1086 2826 1271 2899 datuS,
1314 2830 1485 2889 nobis
1525 2842 1695 2890 natus

858 2909 950 2967 Ex
991 2909 1201 2969 intacta
1242 2910 1499 2987 Virgine,

859 2991 936 3049 Et
975 2991 1036 3049 in
1076 2991 1302 3051 mundo
1340 3005 1726 3066 conversatuS,

862 3072 1076 3148 Sparso
1116 3074 1275 3133 verbi
1315 3075 1552 3148 semine,

863 3154 963 3212 Sui
1004 3174 1196 3214 moras
1239 3156 1519 3217 incolatus

860 3235 1014 3296 Miro
1056 3237 1258 3300 clausit
1298 3239 1517 3301 ordine.
