2467 3917
529 379 643 435 274
910 354 987 424 In
1014 351 1177 411 Festo
1210 348 1475 426 Corporis
1509 348 1745 412 Chnletzz

842 516 915 572 In
956 528 1259 588 supremae
1299 518 1469 567 nocte
1511 527 1731 567 coenae

849 594 1221 654 Recumbens
1266 609 1399 650 cum
1441 588 1722 666 fratribuS,
1758 632 1763 637 -

845 676 1165 736 Observata
1204 674 1334 747 lege
1375 672 1546 750 plene

849 758 1010 818 Cibis
1050 758 1110 814 in
1150 754 1445 831 legalibus,

848 840 1060 899 Cibum
1100 837 1300 895 turbae
1342 836 1647 894 duodenae

849 921 924 980 Se
967 921 1063 978 dat
1105 919 1220 977 suis
1263 917 1545 976 manibus.

849 1082 1111 1140 Verbum
1155 1099 1308 1153 cam,
1349 1098 1564 1157 panem
1608 1098 1805 1139 verum

846 1164 1045 1222 Verbo
1086 1180 1319 1224 carnem
1360 1162 1562 1220 efficit:

847 1245 1051 1320 Fitque
1093 1244 1328 1320 sanguis
1371 1242 1583 1302 Christi
1623 1259 1863 1310 merum,

851 1327 928 1384 Et
956 1327 1005 1385 si
1046 1344 1250 1385 sensus
1293 1324 1514 1383 deficit:

846 1408 943 1466 Ad
985 1407 1332 1465 firmandum
1374 1423 1474 1464 cor
1522 1406 1806 1465 sincerum

852 1490 987 1547 Sola
1028 1489 1173 1548 fides
1215 1488 1437 1549 sufficit.

854 1651 1108 1710 Tantum
1150 1668 1290 1726 ergo
1334 1648 1768 1707 Sacramentum

850 1733 1208 1791 Veneremur
1257 1732 1483 1789 cernui:

853 1814 927 1872 Et
969 1814 1267 1889 antiquum
1319 1813 1729 1871 documentum

855 1896 1027 1955 Novo
1069 1894 1236 1953 cedat
1275 1895 1439 1952 ritui:

853 1977 1109 2036 Praestet
1151 1975 1296 2034 fides
1346 1975 1809 2052 supplementum

857 2058 1142 2117 Sensuum
1185 2056 1447 2115 defectui.

856 2219 1132 2291 Genitori,
1178 2219 1505 2295 Genitoque

852 2302 1007 2361 Laus
1051 2311 1107 2359 et
1145 2301 1423 2377 jubilatio,
1486 2338 1488 2342 ν

857 2382 1037 2449 Salus,
1080 2382 1282 2453 honor,
1324 2383 1498 2440 virtus
1539 2398 1774 2462 quoque

859 2463 942 2521 Sit
983 2473 1039 2522 et
1078 2464 1444 2538 benedictio;

853 2544 1191 2604 Procedenti
1234 2546 1309 2603 ab
1350 2554 1593 2620 utroque

856 2625 1110 2703 Compar
1153 2628 1224 2685 sit
1266 2626 1534 2684 laudatio.

1051 2855 1141 2897 AD
1183 2854 1623 2899 MATUTINUM.

700 2977 885 3036 Sacris
928 2975 1218 3036 solemniis
1257 2978 1454 3053 juncta
1494 2977 1607 3036 sint
1633 2979 1860 3053 gaudia,

695 3059 768 3117 Et
810 3077 881 3115 ex
922 3057 1268 3134 praecordiis
1312 3071 1518 3118 sonent
1545 3061 1885 3136 praeconia;

694 3139 989 3198 Recedant
1028 3148 1232 3209 vetera,
1277 3158 1428 3200 nova
1470 3143 1582 3200 sint
1629 3142 1842 3206 omnia,

851 3220 1061 3295 Corda,
1104 3239 1292 3290 voces,
1337 3232 1394 3281 et
1433 3241 1626 3300 opera.
