<?xml version="1.0" encoding="UTF-8"?>
<!DOCTYPE html PUBLIC "-//W3C//DTD XHTML 1.0 Transitional//EN"
    "http://www.w3.org/TR/xhtml1/DTD/xhtml1-transitional.dtd">
<html xmlns="http://www.w3.org/1999/xhtml" xml:lang="en" lang="en">
 <head>
  <title>
</title>
<meta http-equiv="Content-Type" content="text/html;charset=utf-8" />
  <meta name='ocr-system' content='tesseract 3.04.00' />
  <meta name='ocr-capabilities' content='ocr_page ocr_carea ocr_par ocr_line ocrx_word'/>
</head>
<body>
  <div class='ocr_page' id='page_1' title='image "./hymniecclesiae02churgoog_0190.png"; bbox 0 0 2467 3917; ppageno 0'>
   <div class='ocr_carea' id='block_1_1' title="bbox 526 393 1595 475">
    <p class='ocr_par' dir='ltr' id='par_1_1' title="bbox 526 393 1595 475">
     <span class='ocr_line' id='line_1_1' title="bbox 526 393 1595 475; baseline -0.003 -19"><span class='ocrx_word' id='word_1_1' title='bbox 526 400 632 470; x_wconf 78' lang='lat'>158</span> <span class='ocrx_word' id='word_1_2' title='bbox 1058 393 1170 455; x_wconf 87' lang='lat' dir='ltr'>SS.</span> <span class='ocrx_word' id='word_1_3' title='bbox 1213 394 1568 472; x_wconf 81' lang='lat' dir='ltr'><em>Angelorum.</em></span> <span class='ocrx_word' id='word_1_4' title='bbox 1590 469 1595 475; x_wconf 17' lang='grc' dir='ltr'><em>ι</em></span> 
     </span>
    </p>
   </div>
   <div class='ocr_carea' id='block_1_2' title="bbox 675 561 1956 879">
    <p class='ocr_par' dir='ltr' id='par_1_2' title="bbox 675 561 1956 802">
     <span class='ocr_line' id='line_1_2' title="bbox 678 561 1956 639; baseline 0.002 -20"><span class='ocrx_word' id='word_1_5' title='bbox 678 561 831 620; x_wconf 88' lang='lat' dir='ltr'>Nam</span> <span class='ocrx_word' id='word_1_6' title='bbox 874 563 1034 639; x_wconf 91' lang='lat' dir='ltr'>quod</span> <span class='ocrx_word' id='word_1_7' title='bbox 1075 563 1344 621; x_wconf 87' lang='lat' dir='ltr'>corruerit</span> <span class='ocrx_word' id='word_1_8' title='bbox 1384 562 1639 638; x_wconf 86' lang='lat' dir='ltr'>proditor</span> <span class='ocrx_word' id='word_1_9' title='bbox 1680 561 1956 636; x_wconf 87' lang='lat' dir='ltr'>Angelus,</span> 
     </span>
     <span class='ocr_line' id='line_1_3' title="bbox 675 643 1838 720; baseline -0.001 -19"><span class='ocrx_word' id='word_1_10' title='bbox 675 643 984 704; x_wconf 90' lang='lat' dir='ltr'>Concessis</span> <span class='ocrx_word' id='word_1_11' title='bbox 1024 645 1229 703; x_wconf 91' lang='lat' dir='ltr'>merito</span> <span class='ocrx_word' id='word_1_12' title='bbox 1270 644 1469 720; x_wconf 90' lang='lat' dir='ltr'>pulsus</span> <span class='ocrx_word' id='word_1_13' title='bbox 1510 643 1838 712; x_wconf 86' lang='lat' dir='ltr'>honoribus,</span> 
     </span>
     <span class='ocr_line' id='line_1_4' title="bbox 677 724 1655 802; baseline 0 -20"><span class='ocrx_word' id='word_1_14' title='bbox 677 724 904 784; x_wconf 89' lang='lat' dir='ltr'>Ardens</span> <span class='ocrx_word' id='word_1_15' title='bbox 945 726 1168 796; x_wconf 89' lang='lat' dir='ltr'>invidia,</span> <span class='ocrx_word' id='word_1_16' title='bbox 1212 725 1421 802; x_wconf 89' lang='lat' dir='ltr'>pellere</span> <span class='ocrx_word' id='word_1_17' title='bbox 1463 726 1655 783; x_wconf 89' lang='lat' dir='ltr'>nititur</span> 
     </span>
    </p>

    <p class='ocr_par' dir='ltr' id='par_1_3' title="bbox 839 807 1713 879">
     <span class='ocr_line' id='line_1_5' title="bbox 839 807 1713 879; baseline -0.001 -14"><span class='ocrx_word' id='word_1_18' title='bbox 839 807 1006 879; x_wconf 85' lang='lat' dir='ltr'>Quos</span> <span class='ocrx_word' id='word_1_19' title='bbox 1048 808 1212 866; x_wconf 90' lang='lat' dir='ltr'>coelo</span> <span class='ocrx_word' id='word_1_20' title='bbox 1252 807 1415 866; x_wconf 89' lang='lat' dir='ltr'>Deus</span> <span class='ocrx_word' id='word_1_21' title='bbox 1455 808 1713 865; x_wconf 89' lang='lat' dir='ltr'>advocat.</span> 
     </span>
    </p>
   </div>
   <div class='ocr_carea' id='block_1_3' title="bbox 638 967 1950 1291">
    <p class='ocr_par' dir='ltr' id='par_1_4' title="bbox 638 967 1950 1291">
     <span class='ocr_line' id='line_1_6' title="bbox 680 967 1794 1047; baseline 0.001 -21"><span class='ocrx_word' id='word_1_22' title='bbox 680 967 816 1027; x_wconf 92' lang='lat' dir='ltr'>Huc</span> <span class='ocrx_word' id='word_1_23' title='bbox 858 979 1051 1028; x_wconf 92' lang='lat' dir='ltr'>custos</span> <span class='ocrx_word' id='word_1_24' title='bbox 1092 970 1261 1046; x_wconf 90' lang='lat' dir='ltr'>igitur</span> <span class='ocrx_word' id='word_1_25' title='bbox 1299 969 1534 1047; x_wconf 90' lang='lat' dir='ltr'>pervigil</span> <span class='ocrx_word' id='word_1_26' title='bbox 1574 969 1794 1039; x_wconf 86' lang='lat' dir='ltr'>advola,</span> 
     </span>
     <span class='ocr_line' id='line_1_7' title="bbox 638 1050 1689 1127; baseline 0.003 -21"><span class='ocrx_word' id='word_1_27' title='bbox 638 1112 648 1125; x_wconf 45' lang='lat'>‚</span> <span class='ocrx_word' id='word_1_28' title='bbox 678 1050 956 1111; x_wconf 82' lang='lat' dir='ltr'>Avertens</span> <span class='ocrx_word' id='word_1_29' title='bbox 995 1053 1178 1127; x_wconf 88' lang='lat' dir='ltr'>patria</span> <span class='ocrx_word' id='word_1_30' title='bbox 1219 1052 1292 1110; x_wconf 89' lang='lat' dir='ltr'>de</span> <span class='ocrx_word' id='word_1_31' title='bbox 1333 1052 1433 1109; x_wconf 75' lang='lat' dir='ltr'>tibi</span> <span class='ocrx_word' id='word_1_32' title='bbox 1475 1052 1689 1110; x_wconf 88' lang='lat' dir='ltr'>credita</span> 
     </span>
     <span class='ocr_line' id='line_1_8' title="bbox 678 1130 1950 1212; baseline 0.002 -24"><span class='ocrx_word' id='word_1_33' title='bbox 678 1130 832 1190; x_wconf 91' lang='lat' dir='ltr'>Tam</span> <span class='ocrx_word' id='word_1_34' title='bbox 872 1134 1106 1192; x_wconf 90' lang='lat' dir='ltr'>morbos</span> <span class='ocrx_word' id='word_1_35' title='bbox 1148 1133 1339 1204; x_wconf 89' lang='lat' dir='ltr'>animi,</span> <span class='ocrx_word' id='word_1_36' title='bbox 1383 1151 1558 1212; x_wconf 88' lang='lat' dir='ltr'>quam</span> <span class='ocrx_word' id='word_1_37' title='bbox 1598 1133 1950 1208; x_wconf 87' lang='lat' dir='ltr'>requiescere</span> 
     </span>
     <span class='ocr_line' id='line_1_9' title="bbox 841 1213 1743 1291; baseline 0 -19"><span class='ocrx_word' id='word_1_38' title='bbox 841 1213 1138 1291; x_wconf 90' lang='lat' dir='ltr'>Quidquid</span> <span class='ocrx_word' id='word_1_39' title='bbox 1178 1233 1298 1274; x_wconf 92' lang='lat' dir='ltr'>non</span> <span class='ocrx_word' id='word_1_40' title='bbox 1340 1216 1471 1274; x_wconf 90' lang='lat' dir='ltr'>sinit</span> <span class='ocrx_word' id='word_1_41' title='bbox 1512 1215 1743 1273; x_wconf 82' lang='lat' dir='ltr'>incolas.</span> 
     </span>
    </p>
   </div>
   <div class='ocr_carea' id='block_1_4' title="bbox 680 1376 1903 1699">
    <p class='ocr_par' dir='ltr' id='par_1_5' title="bbox 680 1376 1903 1699">
     <span class='ocr_line' id='line_1_10' title="bbox 691 1376 1903 1453; baseline 0.001 -19"><span class='ocrx_word' id='word_1_42' title='bbox 691 1378 809 1449; x_wconf 88' lang='lat' dir='ltr'>Qui</span> <span class='ocrx_word' id='word_1_43' title='bbox 850 1376 991 1436; x_wconf 88' lang='lat' dir='ltr'>lucis</span> <span class='ocrx_word' id='word_1_44' title='bbox 1032 1377 1198 1435; x_wconf 87' lang='lat' dir='ltr'>Pater</span> <span class='ocrx_word' id='word_1_45' title='bbox 1240 1387 1342 1449; x_wconf 91' lang='lat' dir='ltr'>est,</span> <span class='ocrx_word' id='word_1_46' title='bbox 1385 1378 1564 1453; x_wconf 85' lang='lat' dir='ltr'>gloria</span> <span class='ocrx_word' id='word_1_47' title='bbox 1605 1379 1677 1437; x_wconf 87' lang='lat' dir='ltr'>sit</span> <span class='ocrx_word' id='word_1_48' title='bbox 1720 1377 1903 1435; x_wconf 88' lang='lat' dir='ltr'>Patri:</span> 
     </span>
     <span class='ocr_line' id='line_1_11' title="bbox 687 1458 1789 1535; baseline -0.001 -18"><span class='ocrx_word' id='word_1_49' title='bbox 687 1460 805 1532; x_wconf 85' lang='lat' dir='ltr'>Qui</span> <span class='ocrx_word' id='word_1_50' title='bbox 846 1459 942 1516; x_wconf 86' lang='lat' dir='ltr'>lux</span> <span class='ocrx_word' id='word_1_51' title='bbox 985 1460 1118 1534; x_wconf 78' lang='lat' dir='ltr'>ipsa,</span> <span class='ocrx_word' id='word_1_52' title='bbox 1149 1458 1347 1530; x_wconf 91' lang='lat' dir='ltr'>Patris,</span> <span class='ocrx_word' id='word_1_53' title='bbox 1391 1461 1572 1535; x_wconf 87' lang='lat' dir='ltr'>gloria</span> <span class='ocrx_word' id='word_1_54' title='bbox 1611 1460 1789 1517; x_wconf 89' lang='lat' dir='ltr'>Filio:</span> 
     </span>
     <span class='ocr_line' id='line_1_12' title="bbox 680 1541 1819 1616; baseline 0 -18"><span class='ocrx_word' id='word_1_55' title='bbox 680 1541 1117 1616; x_wconf 91' lang='lat' dir='ltr'>Amborumque</span> <span class='ocrx_word' id='word_1_56' title='bbox 1159 1541 1276 1611; x_wconf 90' lang='lat' dir='ltr'>tibi,</span> <span class='ocrx_word' id='word_1_57' title='bbox 1320 1559 1502 1600; x_wconf 87' lang='lat' dir='ltr'>nexus</span> <span class='ocrx_word' id='word_1_58' title='bbox 1544 1541 1819 1611; x_wconf 81' lang='lat' dir='ltr'>amabiliS,</span> 
     </span>
     <span class='ocr_line' id='line_1_13' title="bbox 681 1621 1470 1699; baseline 0 -17"><span class='ocrx_word' id='word_1_59' title='bbox 681 1622 936 1697; x_wconf 85' lang='lat' dir='ltr'>Compar</span> <span class='ocrx_word' id='word_1_60' title='bbox 975 1623 1168 1698; x_wconf 87' lang='lat' dir='ltr'>gloria,</span> <span class='ocrx_word' id='word_1_61' title='bbox 1215 1621 1470 1699; x_wconf 74' lang='lat' dir='ltr'>Spiritus,</span> 
     </span>
    </p>
   </div>
   <div class='ocr_carea' id='block_1_5' title="bbox 1119 1972 1520 2033">
    <p class='ocr_par' dir='ltr' id='par_1_6' title="bbox 1119 1972 1520 2033">
     <span class='ocr_line' id='line_1_14' title="bbox 1119 1972 1520 2033; baseline 0 -14"><span class='ocrx_word' id='word_1_62' title='bbox 1119 1972 1211 2019; x_wconf 77' lang='lat' dir='ltr'>AD</span> <span class='ocrx_word' id='word_1_63' title='bbox 1254 1973 1520 2033; x_wconf 61' lang='lat' dir='ltr'>Mimas,</span> 
     </span>
    </p>
   </div>
   <div class='ocr_carea' id='block_1_6' title="bbox 683 2159 1836 2480">
    <p class='ocr_par' dir='ltr' id='par_1_7' title="bbox 683 2159 1836 2480">
     <span class='ocr_line' id='line_1_15' title="bbox 683 2159 1836 2236; baseline 0.001 -19"><span class='ocrx_word' id='word_1_64' title='bbox 683 2159 978 2236; x_wconf 84' lang='lat' dir='ltr'>Regnator</span> <span class='ocrx_word' id='word_1_65' title='bbox 1019 2159 1172 2218; x_wconf 88' lang='lat' dir='ltr'>orbis</span> <span class='ocrx_word' id='word_1_66' title='bbox 1215 2176 1475 2219; x_wconf 89' lang='lat' dir='ltr'>summus</span> <span class='ocrx_word' id='word_1_67' title='bbox 1517 2169 1573 2218; x_wconf 92' lang='lat' dir='ltr'>et</span> <span class='ocrx_word' id='word_1_68' title='bbox 1614 2161 1836 2230; x_wconf 85' lang='lat' dir='ltr'>arbiter,</span> 
     </span>
     <span class='ocr_line' id='line_1_16' title="bbox 684 2240 1784 2317; baseline 0.001 -18"><span class='ocrx_word' id='word_1_69' title='bbox 684 2241 794 2299; x_wconf 89' lang='lat' dir='ltr'>Cui</span> <span class='ocrx_word' id='word_1_70' title='bbox 834 2259 1019 2317; x_wconf 87' lang='lat' dir='ltr'>prona</span> <span class='ocrx_word' id='word_1_71' title='bbox 1059 2241 1225 2299; x_wconf 91' lang='lat' dir='ltr'>servit</span> <span class='ocrx_word' id='word_1_72' title='bbox 1267 2241 1421 2299; x_wconf 91' lang='lat' dir='ltr'>curia</span> <span class='ocrx_word' id='word_1_73' title='bbox 1463 2240 1784 2313; x_wconf 88' lang='lat' dir='ltr'>Coelitum;</span> 
     </span>
     <span class='ocr_line' id='line_1_17' title="bbox 685 2322 1557 2394; baseline 0.002 -14"><span class='ocrx_word' id='word_1_74' title='bbox 685 2322 852 2394; x_wconf 85' lang='lat' dir='ltr'>Quae</span> <span class='ocrx_word' id='word_1_75' title='bbox 893 2341 1033 2382; x_wconf 90' lang='lat' dir='ltr'>voce</span> <span class='ocrx_word' id='word_1_76' title='bbox 1076 2323 1197 2381; x_wconf 91' lang='lat' dir='ltr'>sola</span> <span class='ocrx_word' id='word_1_77' title='bbox 1237 2332 1299 2381; x_wconf 88' lang='lat' dir='ltr'>tu</span> <span class='ocrx_word' id='word_1_78' title='bbox 1340 2324 1557 2393; x_wconf 90' lang='lat' dir='ltr'>creasti,</span> 
     </span>
     <span class='ocr_line' id='line_1_18' title="bbox 683 2403 1514 2480; baseline 0.002 -19"><span class='ocrx_word' id='word_1_79' title='bbox 683 2403 966 2479; x_wconf 89' lang='lat' dir='ltr'>Perpetua</span> <span class='ocrx_word' id='word_1_80' title='bbox 1003 2405 1154 2479; x_wconf 89' lang='lat' dir='ltr'>regis</span> <span class='ocrx_word' id='word_1_81' title='bbox 1196 2405 1321 2480; x_wconf 92' lang='lat' dir='ltr'>ipse</span> <span class='ocrx_word' id='word_1_82' title='bbox 1363 2421 1514 2463; x_wconf 88' lang='lat' dir='ltr'>cura.</span> 
     </span>
    </p>
   </div>
   <div class='ocr_carea' id='block_1_7' title="bbox 685 2564 1715 2642">
    <p class='ocr_par' dir='ltr' id='par_1_8' title="bbox 685 2564 1715 2642">
     <span class='ocr_line' id='line_1_19' title="bbox 685 2564 1715 2642; baseline 0 -19"><span class='ocrx_word' id='word_1_83' title='bbox 685 2564 871 2624; x_wconf 92' lang='lat' dir='ltr'>Nobis</span> <span class='ocrx_word' id='word_1_84' title='bbox 912 2564 1106 2624; x_wconf 90' lang='lat' dir='ltr'>fideles</span> <span class='ocrx_word' id='word_1_85' title='bbox 1146 2566 1416 2640; x_wconf 90' lang='lat' dir='ltr'>providus</span> <span class='ocrx_word' id='word_1_86' title='bbox 1457 2567 1715 2642; x_wconf 87' lang='lat' dir='ltr'>Angelos</span> 
     </span>
    </p>
   </div>
   <div class='ocr_carea' id='block_1_8' title="bbox 685 2646 1801 2870">
    <p class='ocr_par' dir='ltr' id='par_1_9' title="bbox 685 2646 1801 2870">
     <span class='ocr_line' id='line_1_20' title="bbox 685 2646 1801 2723; baseline 0.001 -19"><span class='ocrx_word' id='word_1_87' title='bbox 685 2646 900 2706; x_wconf 88' lang='lat' dir='ltr'>Missos</span> <span class='ocrx_word' id='word_1_88' title='bbox 943 2646 1197 2723; x_wconf 89' lang='lat' dir='ltr'>Olympo</span> <span class='ocrx_word' id='word_1_89' title='bbox 1240 2649 1569 2723; x_wconf 86' lang='lat' dir='ltr'>suppeditas</span> <span class='ocrx_word' id='word_1_90' title='bbox 1611 2649 1801 2721; x_wconf 80' lang='lat' dir='ltr'>duceS‚</span> 
     </span>
     <span class='ocr_line' id='line_1_21' title="bbox 687 2726 1654 2804; baseline 0.001 -18"><span class='ocrx_word' id='word_1_91' title='bbox 687 2726 805 2799; x_wconf 85' lang='lat' dir='ltr'>Qui</span> <span class='ocrx_word' id='word_1_92' title='bbox 846 2746 953 2786; x_wconf 90' lang='lat' dir='ltr'>nos</span> <span class='ocrx_word' id='word_1_93' title='bbox 994 2738 1076 2786; x_wconf 90' lang='lat' dir='ltr'>tot</span> <span class='ocrx_word' id='word_1_94' title='bbox 1118 2729 1389 2793; x_wconf 87' lang='lat' dir='ltr'>obsessos</span> <span class='ocrx_word' id='word_1_95' title='bbox 1430 2730 1654 2804; x_wconf 88' lang='lat' dir='ltr'>periclis</span> 
     </span>
     <span class='ocr_line' id='line_1_22' title="bbox 686 2809 1641 2870; baseline 0.002 -4"><span class='ocrx_word' id='word_1_96' title='bbox 686 2809 1011 2868; x_wconf 86' lang='lat' dir='ltr'>Incolumes</span> <span class='ocrx_word' id='word_1_97' title='bbox 1054 2810 1175 2868; x_wconf 91' lang='lat' dir='ltr'>sine</span> <span class='ocrx_word' id='word_1_98' title='bbox 1216 2810 1346 2868; x_wconf 93' lang='lat' dir='ltr'>labe</span> <span class='ocrx_word' id='word_1_99' title='bbox 1388 2820 1641 2870; x_wconf 90' lang='lat' dir='ltr'>servent:</span> 
     </span>
    </p>
   </div>
   <div class='ocr_carea' id='block_1_9' title="bbox 685 2970 2025 3295">
    <p class='ocr_par' dir='ltr' id='par_1_10' title="bbox 685 2970 2025 3295">
     <span class='ocr_line' id='line_1_23' title="bbox 685 2970 1909 3048; baseline 0 -19"><span class='ocrx_word' id='word_1_100' title='bbox 685 2970 779 3029; x_wconf 91' lang='lat' dir='ltr'>Ne</span> <span class='ocrx_word' id='word_1_101' title='bbox 820 2990 927 3030; x_wconf 91' lang='lat' dir='ltr'>nos</span> <span class='ocrx_word' id='word_1_102' title='bbox 968 2971 1230 3047; x_wconf 87' lang='lat' dir='ltr'>malignis</span> <span class='ocrx_word' id='word_1_103' title='bbox 1272 2972 1562 3032; x_wconf 86' lang='lat' dir='ltr'>fraudibus</span> <span class='ocrx_word' id='word_1_104' title='bbox 1602 2990 1909 3048; x_wconf 79' lang='lat' dir='ltr'>occupanS,</span> 
     </span>
     <span class='ocr_line' id='line_1_24' title="bbox 692 3050 2025 3128; baseline 0.004 -19"><span class='ocrx_word' id='word_1_105' title='bbox 692 3053 930 3111; x_wconf 87' lang='lat' dir='ltr'>Incauta</span> <span class='ocrx_word' id='word_1_106' title='bbox 969 3053 1122 3112; x_wconf 85' lang='lat' dir='ltr'>fallat</span> <span class='ocrx_word' id='word_1_107' title='bbox 1161 3064 1398 3128; x_wconf 87' lang='lat' dir='ltr'>pectora</span> <span class='ocrx_word' id='word_1_108' title='bbox 1440 3056 1713 3114; x_wconf 88' lang='lat' dir='ltr'>subdolus</span> <span class='ocrx_word' id='word_1_109' title='bbox 2018 3050 2025 3057; x_wconf 59' lang='lat'><em>⁰</em></span> 
     </span>
     <span class='ocr_line' id='line_1_25' title="bbox 688 3133 1777 3212; baseline 0.003 -20"><span class='ocrx_word' id='word_1_110' title='bbox 688 3133 900 3193; x_wconf 90' lang='lat' dir='ltr'>Suasor</span> <span class='ocrx_word' id='word_1_111' title='bbox 940 3135 1256 3206; x_wconf 90' lang='lat' dir='ltr'>malorum;</span> <span class='ocrx_word' id='word_1_112' title='bbox 1306 3154 1380 3194; x_wconf 92' lang='lat' dir='ltr'>ne</span> <span class='ocrx_word' id='word_1_113' title='bbox 1420 3137 1777 3212; x_wconf 85' lang='lat' dir='ltr'>redemptam</span> 
     </span>
     <span class='ocr_line' id='line_1_26' title="bbox 687 3216 1607 3295; baseline 0.005 -22"><span class='ocrx_word' id='word_1_114' title='bbox 687 3216 948 3295; x_wconf 89' lang='lat' dir='ltr'>Abripiat</span> <span class='ocrx_word' id='word_1_115' title='bbox 990 3218 1276 3294; x_wconf 88' lang='lat' dir='ltr'>lanietque</span> <span class='ocrx_word' id='word_1_116' title='bbox 1316 3219 1607 3295; x_wconf 85' lang='lat' dir='ltr'>praedam.</span> 
     </span>
    </p>
   </div>
  </div>
 </body>
</html>
