2467 3917
528 398 637 451 208
912 393 989 451 In
1039 391 1149 470 Off.
1193 390 1566 450 Dedicattbmir
1606 391 1737 470 Ecc.

681 556 862 634 Cujus
906 557 966 614 in
1007 556 1171 614 coelo
1212 555 1451 613 thronus
1495 564 1581 613 est
1623 556 1907 631 perenniS,

681 639 885 696 Incolit
925 656 1161 714 parvam
1203 636 1365 695 Deus
1406 636 1551 696 altus
1595 637 1833 695 aedem:

680 719 796 778 Hic
840 720 1107 778 adorator
1150 719 1258 776 sibi
1298 718 1540 794 quisque
1584 718 1784 777 sedem

840 801 1146 876 Praeparat
1189 800 1369 858 astn's.
1631 811 1636 816 ·

679 964 885 1022 Nullus
927 964 1075 1021 hanc
1117 965 1286 1022 turbo
1329 963 1525 1038 quatit,
1569 963 1828 1020 irruentis

676 1045 848 1103 Nulla
889 1046 972 1104 vis
1014 1045 1209 1115 nimbi,
1255 1043 1523 1120 rapidive
1549 1045 1787 1105 fluctus:
1821 1085 1832 1097 .

681 1126 849 1186 Cedit
889 1126 1038 1185 hanc
1080 1136 1280 1185 contra
1319 1125 1474 1185 furor
1515 1126 1826 1185 inferorum

838 1208 1032 1278 Irritus
1075 1210 1280 1266 omnis,

675 1371 829 1429 Laus
871 1371 1018 1441 De0‚
1062 1372 1252 1442 virtus,
1297 1370 1513 1448 hqnor,·
1543 1382 1600 1429 et
1642 1380 1892 1445 potestas

675 1452 808 1511 Una
850 1454 919 1512 sit
961 1450 1128 1524 Patri,
1171 1452 1448 1529 parilique
1493 1451 1681 1510 Proli:

677 1533 785 1592 Par
828 1536 899 1593 sit
941 1536 1246 1593 amborum
1288 1534 1390 1592 tibi
1433 1552 1615 1592 nexus
1658 1533 1834 1602 omni,

841 1616 1095 1693 Spiritus,
1139 1634 1298 1675 aevo.

1114 2042 1203 2084 AD
1249 2042 1518 2086 LAUDES.
1558 2032 1613 2093 Χ

833 2244 989 2302 Urbs
1032 2246 1214 2319 beata,
1258 2264 1389 2305 vera
1431 2249 1588 2324 pacis

829 2326 1010 2397 Visio,
1054 2327 1388 2404 Jerusalem,

834 2407 1067 2479 Quanta
1108 2411 1317 2486 surgit!
1362 2411 1515 2469 celsa
1558 2413 1708 2470 saxis

841 2489 1119 2548 Conditur
1159 2493 1510 2551 viventibus:

831 2569 997 2641 Quae
1039 2573 1251 2647 polivit,
1293 2572 1436 2632 haec
1477 2585 1706 2651 coaptat

833 2651 1076 2711 Sedibus
1119 2654 1236 2712 suis
1279 2653 1456 2715 Deus.

831 2813 1079 2890 Singulis
1122 2834 1194 2873 ex
1236 2819 1553 2892 margaritis

832 2894 1098 2970 Singulae
1141 2906 1338 2971 portae
1381 2899 1592 2958 nitent:

829 2975 1031 3035 Murus
1073 2980 1263 3036 omnis
1304 2978 1484 3056 fulget
1527 3000 1683 3052 aum,

828 3057 1031 3134 Fulget
1071 3060 1416 3120 unionibus:

826 3137 1132 3216 Angularis
1174 3153 1336 3217 petra
1377 3143 1636 3202 Christus

828 3220 1053 3280 Fundat
1095 3224 1250 3284 urbis
1293 3226 1537 3284 moenia.
