2467 3917
757 1122 763 1130 '
824 1117 1418 1182 PRAEFATIO.

320 1705 402 1751 Nn
435 1705 602 1752 mirum
635 1703 735 1773 tibi,
767 1703 933 1749 Lector
964 1702 1199 1757 benevole,
1224 1702 1448 1758 videatur,
1480 1702 1707 1764 Hymnos,
1731 1718 1845 1763 quos
1878 1703 1923 1749 in

318 1831 529 1877 manibus
552 1829 709 1884 habes,
733 1836 779 1875 et
809 1798 998 1875 rnaterie
1020 1834 1224 1873 vetustos
1249 1836 1295 1873 et
1329 1827 1448 1883 stilo,
1471 1827 1699 1875 hodiernis
1733 1829 1854 1890 typis
1879 1837 1924 1875 et

321 1953 648 2001 hodiernorum
687 1953 834 2001 favori
875 1969 970 2000 esse
1010 1953 1374 2025 commendatos.
1440 1952 1551 1999 Non
1592 1952 1715 1999 enim
1757 1954 1838 2000 abs
1878 1962 1925 2000 te

319 2077 534 2139 exigitur,
556 2085 609 2122 ut
631 2076 845 2136 quicquid
867 2075 943 2121 hic
966 2076 1184 2135 scriptum
1205 2074 1445 2130 inveneris,
1469 2075 1516 2120 id
1547 2075 1594 2120 in
1618 2074 1766 2121 sinum
1789 2084 1921 2121 tuum

318 2200 509 2259 recipias
533 2198 669 2254 illico,
693 2199 864 2259 absque
886 2198 1027 2245 animi
1058 2198 1149 2244 ulla
1174 2198 1501 2244 exercitatione
1525 2205 1604 2243 aut
1625 2197 1798 2257 judicio
1822 2207 1920 2245 tuo.

319 2323 483 2382 Neque
505 2322 583 2381 qui
614 2330 768 2368 totum
802 2321 970 2381 aliquid
1002 2321 1095 2367 edit
1118 2321 1166 2365 in
1196 2321 1445 2380 publicum,
1468 2321 1596 2395 illurn
1618 2329 1803 2380 oportet
1825 2322 1925 2367 uni·

319 2437 436 2482 versi
459 2436 606 2496 operis
628 2436 674 2481 in
698 2437 876 2498 singula
911 2450 1117 2496 quaeque
1148 2436 1313 2496 jurare,
1336 2446 1416 2484 aut
1449 2438 1498 2483 in
1529 2452 1680 2484 rerum
1714 2437 1921 2498 squalore

316 2559 552 2606 immorari
574 2559 698 2618 quod
719 2559 767 2603 in
798 2558 1069 2618 antiquitate
1091 2566 1309 2606 versatur.
1373 2561 1477 2607 Alia
1511 2562 1725 2609 nimirum
1748 2572 1852 2610 sunt
1875 2563 1923 2609 in

319 2683 628 2730 monumentis
650 2690 857 2729 veterum
880 2682 1092 2742 simplicis
1124 2699 1180 2730 ac
1201 2684 1418 2744 pristinae
1449 2696 1639 2734 naturae
1662 2688 1887 2735 elementa
1908 2706 1920 2745 3

314 2820 496 2866 prorsus
520 2804 642 2851 aliud
665 2812 930 2851 concretum
952 2805 1130 2861 vitium,
1152 2814 1200 2852 et
1223 2807 1375 2854 sordes
1399 2770 1673 2868 temporum.
1729 2809 1918 2856 cordati

312 2940 474 2978 autem
496 2930 695 2977 hominis
728 2937 811 2985 est,
833 2934 980 2990 nequ'e
1012 2931 1219 2977 obsoleta
1254 2946 1338 2991 pro
1370 2933 1541 2992 priscis,
1563 2947 1648 2978 nec
1681 2933 1918 2995 peregrina

313 3067 399 3114 pro
422 3052 546 3100 falsis
569 3053 751 3099 habere.

382 3178 523 3238 Qod
563 3179 748 3240 quidem
780 3179 960 3238 optimo
993 3179 1184 3225 consilio
1217 3188 1374 3225 actum
1407 3187 1475 3226 est
1508 3179 1620 3224 olim
1653 3193 1680 3224 a
1698 3178 1918 3238 ,patribus
