2467 3917
551 366 568 402 1
583 343 658 420 36
954 340 1018 402 S.
1059 340 1295 401 Mariae
1335 339 1717 418 Magdalenes.

777 502 949 576 LauS,
993 522 1219 564 summa
1247 504 1415 576 Patri,
1459 522 1800 582 summaque
1841 504 2015 564 Filio:

781 588 864 645 Sit
906 605 1133 646 summa
1171 605 1321 664 puro
1361 588 1484 645 laus
1524 596 1757 663 quoque
1799 586 2059 657 Flamini,

779 668 1027 727 Afflante
1069 687 1187 744 quo
1229 683 1457 745 semper
1497 669 1785 728 calescunt

780 746 1076 809 Aethereis
1117 751 1214 826 pia
1255 751 1430 809 corda
1469 750 1734 809 flammis,

1004 1092 1096 1138 AD
1138 1089 1444 1138 OFFICIUM
1488 1092 1676 1136 Nocr.

860 1311 1052 1390 Plagis
1095 1312 1259 1390 Magl
1244 1314 1358 1373 stri
1400 1310 1608 1383 saucia,

858 1391 1017 1454 Dum
1057 1406 1283 1456 moesta
1322 1395 1514 1470 largos
1555 1392 1816 1451 funderet

860 1474 1046 1539 Maria
1086 1477 1270 1549 fletus,
1312 1476 1494 1535 acrior

859 1556 1086 1618 Revixit
1126 1560 1186 1617 in
1226 1559 1430 1636 poenis
1472 1573 1651 1616 amor.

860 1720 998 1780 Non
1037 1718 1219 1793 turbs,
1259 1738 1383 1787 ,non
1423 1729 1573 1778 vetat
1614 1717 1796 1777 crucis

858 1799 1180 1879 Mortisque
1222 1800 1378 1862 dirae
1421 1801 1773 1870 scandalum,

857 1881 1012 1952 Inter'
1050 1881 1302 1944 furentes
1344 1896 1617 1961 quaerere

858 1962 1047 2042 Ligno
1087 1964 1451 2042 peremptum
1491 1962 1714 2022 militeS.

859 2129 1008 2201 Quis
1048 2126 1239 2188 taritus
1280 2126 1540 2204 ignaram
1579 2123 1743 2184 labor

858 2207 1146 2269 Exercet?
1193 2208 1521 2270 Extinctam
1563 2208 1725 2266 doles

859 2289 930 2349 In
970 2288 1156 2350 mor'te
1196 2290 1402 2375 vitam.
1449 2287 1588 2369 quid
1630 2288 1833 2364 gemis»,

859 2369 1022 2433 Mors
1064 2374 1191 2450 ipsa
1232 2370 1368 2432 cum
1408 2372 1605 2432 victrix
1646 2369 1833 2430 cadit.
1821 2368 1843 2409 Ρ

860 2531 953 2592 En
993 2534 1085 2593 ille
1126 2553 1300 2612 quem
1341 2537 1504 2612 luges
1545 2534 1763 2603 amanS,

857 2615 1134 2675 Praesens
1175 2614 1471 2693 resumpto
1511 2632 1769 2692 corpore,

858 2696 1030 2755 Notis
1072 2708 1363 2757 amantem
1404 2708 1461 2756 te
1501 2698 1682 2756 redux

857 2777 1107 2837 Primam
1151 2780 1356 2838 salutat
1396 2778 1648 2839 vocibus.

856 2940 912 3000 O
955 2942 1003 2999 si
1043 2942 1245 3000 beatos
1286 2951 1537 3018 tangere,

857 3021 913 3081 O
956 3023 1003 3081 si
1044 3033 1237 3082 tenere
1277 3023 1364 3082 fas
1406 3024 1618 3100 pedes!

853 3103 968 3163 Sed
1009 3104 1100 3164 hie
1140 3103 1407 3182 perennis
1447 3123 1566 3164 non
1606 3104 1772 3165 datur

854 3184 1100 3246 Gustare
1141 3189 1288 3246 vitae
1329 3186 1556 3263 gaudia.
