2467 3917
527 379 638 434 128

1004 374 1116 434 SS.
1158 374 1328 433 Petri
1360 383 1411 433 et
1446 374 1638 433 Pauli.

601 538 726 595 Vos
769 555 910 613 ergo
951 539 1095 597 votis
1138 539 1462 615 supplicum
1504 539 1857 598 solemnibus

598 619 847 678 Adeste:
897 620 1072 695 lapsis
1114 621 1412 695 impetrate
1452 621 1726 696 gratiarn3

600 701 679 760 Ut
723 700 1054 760 Christianis
1097 720 1471 778 assequamur
1514 704 1785 768 moribus,
1875 700 1880 732 ³

597 781 765 855 Quae
809 793 1005 841 sancta
1044 784 1265 842 mundo
1305 783 1609 842 tradidistis
1652 785 1941 860 dogmata.

600 945 684 1002 Sit
727 947 1075 1021 sempiterno
1118 946 1465 1020 sempiterna
1505 946 1629 1005 laus
1671 946 1854 1005 Patri:

598 1026 767 1086 Petro
809 1046 1091 1103 supernus
1135 1045 1313 1104 quem
1354 1027 1616 1086 revelavit
1658 1028 1840 1093 Pater,

596 1108 845 1166 Aeteme
887 1109 1008 1178 Fili,
1052 1109 1175 1167 laus
1216 1108 1319 1165 tibi
1362 1110 1433 1167 sit
1474 1110 1757 1168 maxima:

599 1190 682 1249 Sit
723 1208 827 1265 par
870 1208 1141 1265 supremo
1181 1190 1305 1248 laus
1348 1191 1641 1268 decusque
1682 1191 1941 1250 Flamini.

974 1541 1065 1585 AD
1107 1540 1413 1586 OFFICIUM
1457 1541 1647 1585 NocT.

673 1746 830 1804 Orbe
873 1764 1025 1803 nunc
1066 1755 1189 1803 toto
1231 1746 1583 1804 celebrentur
1624 1747 1798 1806 ambo

671 1827 979 1902 PrincipeS‚
1025 1828 1180 1884 orbis
1223 1827 1399 1885 decus
1443 1837 1613 1904 atque
1654 1829 1867 1898 lumen,

674 1909 832 1967 Mille
875 1910 971 1988 qui
1015 1908 1245 1967 Christo
1285 1927 1557 1983 peperere
1600 1910 1753 1967 verbi

836 1990 1065 2048 Semine
1107 1999 1325 2064 gentes,

668 2153 883 2210 Auctor
927 2152 1172 2226 incoepti
1215 2151 1408 2209 Deus:
1461 2152 1557 2213 -ille
1600 2163 1775 2211 terras

672 2234 953 2303 IncolenS‚
996 2234 1208 2308 primas
1251 2234 1368 2304 tibi,
1412 2233 1593 2304 Petre,
1637 2234 1848 2305 defert;

668 2315 811 2374 Mox
855 2326 1020 2375 vocat
1062 2314 1322 2385 Paulum,
1365 2334 1595 2391 seperas
1636 2335 1927 2392 regressus

829 2396 1027 2454 Victor
1068 2396 1140 2455 ad
1183 2415 1358 2457 arces,

666 2559 824 2617 Alter
865 2557 1078 2615 aeterni
1120 2557 1300 2616 Patris
1343 2559 1594 2633 eruditur

665 2640 828 2697 Voce
871 2638 1136 2714 delapsa:
1196 2657 1366 2714 super
1406 2652 1556 2699 astra
1596 2652 1790 2717 raptus

664 2722 824 2780 Alter
865 2738 1104 2777 arcanae
1147 2724 1593 2782 sacraweritatis

824 2801 1087 2860 Flumina
1124 2811 1303 2877 potat.

663 2963 896 3034 Quanta
938 2963 1045 3021 sub
1087 2963 1180 3020 vili
1221 2963 1400 3024 latitat
1440 2976 1695 3041 potestas

664 3044 960 3120 Corpore!
1018 3044 1277 3104 infirmos
1319 3056 1416 3104 tua
1458 3059 1620 3106 sanat
1660 3049 1882 3117 umbra,

664 3125 862 3185 Petre:
919 3125 1154 3185 lethales
1196 3137 1310 3199 tua,
1353 3128 1545 3203 Paule,
1587 3131 1802 3207 pellunt

817 3208 1022 3267 Lintea
1061 3210 1315 3269 morbos,

922 3416 949 3441 1·
