<?xml version="1.0" encoding="UTF-8"?>
<!DOCTYPE html PUBLIC "-//W3C//DTD XHTML 1.0 Transitional//EN"
    "http://www.w3.org/TR/xhtml1/DTD/xhtml1-transitional.dtd">
<html xmlns="http://www.w3.org/1999/xhtml" xml:lang="en" lang="en">
 <head>
  <title>
</title>
<meta http-equiv="Content-Type" content="text/html;charset=utf-8" />
  <meta name='ocr-system' content='tesseract 3.04.00' />
  <meta name='ocr-capabilities' content='ocr_page ocr_carea ocr_par ocr_line ocrx_word'/>
</head>
<body>
  <div class='ocr_page' id='page_1' title='image "./hymniecclesiae02churgoog_0197.png"; bbox 0 0 2467 3917; ppageno 0'>
   <div class='ocr_carea' id='block_1_1' title="bbox 631 400 1601 508">
    <p class='ocr_par' dir='ltr' id='par_1_1' title="bbox 631 400 1601 508">
     <span class='ocr_line' id='line_1_1' title="bbox 631 400 1601 508; baseline -0.001 -28"><span class='ocrx_word' id='word_1_1' title='bbox 631 421 708 480; x_wconf 89' lang='lat' dir='ltr'><strong>In</strong></span> <span class='ocrx_word' id='word_1_2' title='bbox 750 420 1200 508; x_wconf 23' lang='lat' dir='ltr'><strong>Praesenlatzbne·</strong></span> <span class='ocrx_word' id='word_1_3' title='bbox 1231 420 1309 479; x_wconf 89' lang='lat' dir='ltr'><strong>B.</strong></span> <span class='ocrx_word' id='word_1_4' title='bbox 1352 400 1601 505; x_wconf 21' lang='lat' dir='ltr'><strong>Mariae,-</strong></span> 
     </span>
    </p>
   </div>
   <div class='ocr_carea' id='block_1_2' title="bbox 465 584 1610 907">
    <p class='ocr_par' dir='ltr' id='par_1_2' title="bbox 465 584 1610 907">
     <span class='ocr_line' id='line_1_2' title="bbox 465 584 1510 657; baseline -0.001 -12"><span class='ocrx_word' id='word_1_5' title='bbox 465 588 563 645; x_wconf 83' lang='lat' dir='ltr'><strong>Sic</strong></span> <span class='ocrx_word' id='word_1_6' title='bbox 606 604 809 645; x_wconf 78' lang='lat' dir='ltr'><strong>aurora</strong></span> <span class='ocrx_word' id='word_1_7' title='bbox 848 586 984 644; x_wconf 85' lang='lat' dir='ltr'><strong>novi</strong></span> <span class='ocrx_word' id='word_1_8' title='bbox 1025 584 1223 643; x_wconf 82' lang='lat' dir='ltr'><strong>nuntia</strong></span> <span class='ocrx_word' id='word_1_9' title='bbox 1264 585 1510 657; x_wconf 87' lang='lat' dir='ltr'><strong>luminis,</strong></span> 
     </span>
     <span class='ocr_line' id='line_1_3' title="bbox 468 667 1610 739; baseline -0.001 -13"><span class='ocrx_word' id='word_1_10' title='bbox 468 670 665 726; x_wconf 89' lang='lat' dir='ltr'><strong>Primo</strong></span> <span class='ocrx_word' id='word_1_11' title='bbox 706 672 894 726; x_wconf 86' lang='lat' dir='ltr'><strong>mane</strong></span> <span class='ocrx_word' id='word_1_12' title='bbox 922 668 1057 725; x_wconf 84' lang='lat' dir='ltr'><strong>latet</strong></span> <span class='ocrx_word' id='word_1_13' title='bbox 1084 667 1350 726; x_wconf 71' lang='lat' dir='ltr'><strong>&#39;nubibh&#39;s</strong></span> <span class='ocrx_word' id='word_1_14' title='bbox 1388 669 1579 727; x_wconf 76' lang='lat' dir='ltr'><strong>ob‘sita</strong></span> <span class='ocrx_word' id='word_1_15' title='bbox 1592 687 1610 739; x_wconf 71' lang='grc' dir='ltr'><strong><em>ς</em></strong></span> 
     </span>
     <span class='ocr_line' id='line_1_4' title="bbox 630 749 1308 823; baseline -0.001 -16"><span class='ocrx_word' id='word_1_16' title='bbox 630 750 775 808; x_wconf 84' lang='lat' dir='ltr'><strong>Mox</strong></span> <span class='ocrx_word' id='word_1_17' title='bbox 814 749 1002 808; x_wconf 86' lang='lat' dir='ltr'><strong>solem</strong></span> <span class='ocrx_word' id='word_1_18' title='bbox 1041 749 1308 823; x_wconf 66' lang='lat' dir='ltr'><strong>paritura„</strong></span> 
     </span>
     <span class='ocr_line' id='line_1_5' title="bbox 630 829 1474 907; baseline -0.001 -18"><span class='ocrx_word' id='word_1_19' title='bbox 630 832 873 889; x_wconf 80' lang='lat' dir='ltr'><strong>Plenum</strong></span> <span class='ocrx_word' id='word_1_20' title='bbox 915 831 1018 907; x_wconf 86' lang='lat' dir='ltr'><strong>qui</strong></span> <span class='ocrx_word' id='word_1_21' title='bbox 1055 829 1262 889; x_wconf 81' lang='lat' dir='ltr'><strong>referat</strong></span> <span class='ocrx_word' id='word_1_22' title='bbox 1303 830 1474 889; x_wconf 86' lang='lat' dir='ltr'><strong>diem.</strong></span> 
     </span>
    </p>
   </div>
   <div class='ocr_carea' id='block_1_3' title="bbox 465 994 1579 1313">
    <p class='ocr_par' dir='ltr' id='par_1_3' title="bbox 465 994 1579 1313">
     <span class='ocr_line' id='line_1_6' title="bbox 467 994 1528 1070; baseline 0.001 -18"><span class='ocrx_word' id='word_1_23' title='bbox 467 995 573 1052; x_wconf 90' lang='lat' dir='ltr'><strong>Sol</strong></span> <span class='ocrx_word' id='word_1_24' title='bbox 613 996 672 1051; x_wconf 88' lang='lat' dir='ltr'><strong>in</strong></span> <span class='ocrx_word' id='word_1_25' title='bbox 713 994 969 1070; x_wconf 89' lang='lat' dir='ltr'><strong>virgineo</strong></span> <span class='ocrx_word' id='word_1_26' title='bbox 1009 1002 1245 1070; x_wconf 85' lang='lat' dir='ltr'>pectore</span> <span class='ocrx_word' id='word_1_27' title='bbox 1282 994 1528 1069; x_wconf 60' lang='lat' dir='ltr'><strong>‘praeviis</strong></span> 
     </span>
     <span class='ocr_line' id='line_1_7' title="bbox 465 1075 1579 1134; baseline -0.001 -1"><span class='ocrx_word' id='word_1_28' title='bbox 465 1076 753 1134; x_wconf 89' lang='lat' dir='ltr'><strong>Ardorem</strong></span> <span class='ocrx_word' id='word_1_29' title='bbox 794 1077 965 1134; x_wconf 88' lang='lat' dir='ltr'>radiis</span> <span class='ocrx_word' id='word_1_30' title='bbox 1008 1075 1243 1134; x_wconf 80' lang='lat' dir='ltr'><strong>suscitat</strong></span> <span class='ocrx_word' id='word_1_31' title='bbox 1280 1075 1579 1133; x_wconf 83' lang='lat' dir='ltr'><strong>intimum:</strong></span> 
     </span>
     <span class='ocr_line' id='line_1_8' title="bbox 632 1157 1325 1216; baseline 0 -2"><span class='ocrx_word' id='word_1_32' title='bbox 632 1158 768 1216; x_wconf 90' lang='lat' dir='ltr'><strong>Hoc</strong></span> <span class='ocrx_word' id='word_1_33' title='bbox 809 1157 1095 1216; x_wconf 77' lang='lat' dir='ltr'><strong>foecunda</strong></span> <span class='ocrx_word' id='word_1_34' title='bbox 1136 1157 1325 1215; x_wconf 84' lang='lat' dir='ltr'><strong>calore</strong></span> 
     </span>
     <span class='ocr_line' id='line_1_9' title="bbox 631 1239 1481 1313; baseline 0.002 -19"><span class='ocrx_word' id='word_1_35' title='bbox 631 1239 829 1297; x_wconf 89' lang='lat' dir='ltr'>Virtus</span> <span class='ocrx_word' id='word_1_36' title='bbox 871 1240 1040 1297; x_wconf 86' lang='lat' dir='ltr'><strong>insita</strong></span> <span class='ocrx_word' id='word_1_37' title='bbox 1075 1239 1378 1313; x_wconf 82' lang='lat' dir='ltr'><strong>germinat.</strong></span> <span class='ocrx_word' id='word_1_38' title='bbox 1474 1297 1481 1304; x_wconf 77' lang='grc'>,</span> 
     </span>
    </p>
   </div>
   <div class='ocr_carea' id='block_1_4' title="bbox 467 1401 1745 1706">
    <p class='ocr_par' dir='ltr' id='par_1_4' title="bbox 467 1401 1745 1706">
     <span class='ocr_line' id='line_1_10' title="bbox 469 1401 1745 1477; baseline 0 -18"><span class='ocrx_word' id='word_1_39' title='bbox 469 1402 549 1459; x_wconf 86' lang='lat' dir='ltr'><strong>Ut</strong></span> <span class='ocrx_word' id='word_1_40' title='bbox 591 1402 696 1460; x_wconf 66' lang='lat' dir='ltr'><strong>sert</strong></span> <span class='ocrx_word' id='word_1_41' title='bbox 736 1402 925 1477; x_wconf 82' lang='lat' dir='ltr'><strong>prima</strong></span> <span class='ocrx_word' id='word_1_42' title='bbox 963 1401 1128 1460; x_wconf 90' lang='lat' dir='ltr'><strong>novis</strong></span> <span class='ocrx_word' id='word_1_43' title='bbox 1169 1419 1410 1460; x_wconf 85' lang='lat' dir='ltr'><strong>munera</strong></span> <span class='ocrx_word' id='word_1_44' title='bbox 1450 1401 1745 1461; x_wconf 85' lang='lat' dir='ltr'>frondibus</span> 
     </span>
     <span class='ocr_line' id='line_1_11' title="bbox 467 1483 1446 1559; baseline 0 -18"><span class='ocrx_word' id='word_1_45' title='bbox 467 1485 660 1543; x_wconf 90' lang='lat' dir='ltr'><strong>Arbos</strong></span> <span class='ocrx_word' id='word_1_46' title='bbox 703 1485 895 1559; x_wconf 73' lang='lat' dir='ltr'>irrigui</span> <span class='ocrx_word' id='word_1_47' title='bbox 918 1483 1122 1542; x_wconf 82' lang='lat' dir='ltr'><strong>&#39;fontis&#39;</strong></span> <span class='ocrx_word' id='word_1_48' title='bbox 1151 1484 1211 1540; x_wconf 88' lang='lat' dir='ltr'><strong>in</strong></span> <span class='ocrx_word' id='word_1_49' title='bbox 1252 1485 1446 1554; x_wconf 81' lang='lat' dir='ltr'><strong>&#39;alveo;</strong></span> 
     </span>
     <span class='ocr_line' id='line_1_12' title="bbox 630 1565 1386 1641; baseline 0 -19"><span class='ocrx_word' id='word_1_50' title='bbox 630 1566 904 1624; x_wconf 86' lang='lat' dir='ltr'><strong>Fructum</strong></span> <span class='ocrx_word' id='word_1_51' title='bbox 944 1565 1127 1641; x_wconf 86' lang='lat' dir='ltr'><strong>Virgo</strong></span> <span class='ocrx_word' id='word_1_52' title='bbox 1170 1565 1386 1635; x_wconf 84' lang='lat' dir='ltr'><strong>datura,</strong></span> 
     </span>
     <span class='ocr_line' id='line_1_13' title="bbox 632 1647 1292 1706; baseline -0.002 -1"><span class='ocrx_word' id='word_1_53' title='bbox 632 1648 774 1706; x_wconf 85' lang='lat' dir='ltr'><strong>Sese</strong></span> <span class='ocrx_word' id='word_1_54' title='bbox 814 1647 1052 1705; x_wconf 81' lang='lat' dir='ltr'><strong>floribus</strong></span> <span class='ocrx_word' id='word_1_55' title='bbox 1094 1647 1292 1704; x_wconf 87' lang='lat' dir='ltr'><strong>induit.</strong></span> 
     </span>
    </p>
   </div>
   <div class='ocr_carea' id='block_1_5' title="bbox 463 1808 1745 2131">
    <p class='ocr_par' dir='ltr' id='par_1_5' title="bbox 463 1808 1745 2044">
     <span class='ocr_line' id='line_1_14' title="bbox 466 1808 1576 1885; baseline 0.002 -19"><span class='ocrx_word' id='word_1_56' title='bbox 466 1810 556 1867; x_wconf 87' lang='lat' dir='ltr'><strong>Sit</strong></span> <span class='ocrx_word' id='word_1_57' title='bbox 597 1827 867 1885; x_wconf 85' lang='lat' dir='ltr'><strong>suprema</strong></span> <span class='ocrx_word' id='word_1_58' title='bbox 905 1809 1008 1867; x_wconf 68' lang='lat' dir='ltr'><strong>tibi</strong></span> <span class='ocrx_word' id='word_1_59' title='bbox 1048 1809 1247 1885; x_wconf 84' lang='lat' dir='ltr'><strong>gloria,</strong></span> <span class='ocrx_word' id='word_1_60' title='bbox 1292 1808 1576 1881; x_wconf 86' lang='lat' dir='ltr'><strong>Trinitas;</strong></span> 
     </span>
     <span class='ocr_line' id='line_1_15' title="bbox 463 1891 1745 1967; baseline 0.001 -20"><span class='ocrx_word' id='word_1_61' title='bbox 463 1891 608 1962; x_wconf 86' lang='lat' dir='ltr'><strong>Quo</strong></span> <span class='ocrx_word' id='word_1_62' title='bbox 647 1891 831 1967; x_wconf 87' lang='lat' dir='ltr'><strong>Virgo</strong></span> <span class='ocrx_word' id='word_1_63' title='bbox 872 1900 1128 1949; x_wconf 82' lang='lat' dir='ltr'><strong>teneram</strong></span> <span class='ocrx_word' id='word_1_64' title='bbox 1171 1910 1234 1950; x_wconf 86' lang='lat' dir='ltr'><strong>se</strong></span> <span class='ocrx_word' id='word_1_65' title='bbox 1275 1896 1441 1950; x_wconf 83' lang='lat' dir='ltr'><strong>vovet</strong></span> <span class='ocrx_word' id='word_1_66' title='bbox 1482 1891 1745 1961; x_wconf 84' lang='lat' dir='ltr'><strong>hostiam,</strong></span> 
     </span>
     <span class='ocr_line' id='line_1_16' title="bbox 631 1973 1563 2044; baseline 0.001 -14"><span class='ocrx_word' id='word_1_67' title='bbox 631 1973 765 2030; x_wconf 88' lang='lat' dir='ltr'>Puri</span> <span class='ocrx_word' id='word_1_68' title='bbox 805 1973 1045 2031; x_wconf 82' lang='lat' dir='ltr'><strong>Flamen</strong></span> <span class='ocrx_word' id='word_1_69' title='bbox 1086 1974 1315 2044; x_wconf 82' lang='lat' dir='ltr'><strong>amoris,</strong></span> <span class='ocrx_word' id='word_1_70' title='bbox 1560 2002 1563 2005; x_wconf 40' lang='grc'><em>“</em></span> 
     </span>
    </p>

    <p class='ocr_par' dir='ltr' id='par_1_6' title="bbox 518 2055 1442 2131">
     <span class='ocr_line' id='line_1_17' title="bbox 518 2055 1442 2131; baseline -0.001 -17"><span class='ocrx_word' id='word_1_71' title='bbox 518 2109 523 2115; x_wconf 90' lang='grc'>,</span> <span class='ocrx_word' id='word_1_72' title='bbox 628 2055 745 2113; x_wconf 73' lang='lat' dir='ltr'><strong>Fac</strong></span> <span class='ocrx_word' id='word_1_73' title='bbox 787 2073 896 2113; x_wconf 84' lang='lat' dir='ltr'><strong>nos</strong></span> <span class='ocrx_word' id='word_1_74' title='bbox 932 2056 1055 2131; x_wconf 82' lang='lat' dir='ltr'><strong>jam</strong></span> <span class='ocrx_word' id='word_1_75' title='bbox 1095 2056 1199 2113; x_wconf 87' lang='lat' dir='ltr'><strong>tibi</strong></span> <span class='ocrx_word' id='word_1_76' title='bbox 1241 2055 1442 2114; x_wconf 73' lang='lat' dir='ltr'><strong>vivere.</strong></span> 
     </span>
    </p>
   </div>
   <div class='ocr_carea' id='block_1_6' title="bbox 899 2397 1306 2460">
    <p class='ocr_par' dir='ltr' id='par_1_7' title="bbox 899 2397 1306 2460">
     <span class='ocr_line' id='line_1_18' title="bbox 899 2397 1306 2460; baseline 0 -19"><span class='ocrx_word' id='word_1_77' title='bbox 899 2399 994 2441; x_wconf 77' lang='lat' dir='ltr'><strong>AD</strong></span> <span class='ocrx_word' id='word_1_78' title='bbox 1036 2397 1306 2460; x_wconf 78' lang='lat' dir='ltr'><strong>LAUDEs.</strong></span> 
     </span>
    </p>
   </div>
   <div class='ocr_carea' id='block_1_7' title="bbox 624 2601 1530 2906">
    <p class='ocr_par' dir='ltr' id='par_1_8' title="bbox 624 2601 1530 2906">
     <span class='ocr_line' id='line_1_19' title="bbox 624 2601 1530 2674; baseline 0.002 -13"><span class='ocrx_word' id='word_1_79' title='bbox 624 2601 684 2661; x_wconf 92' lang='lat' dir='ltr'>O</span> <span class='ocrx_word' id='word_1_80' title='bbox 728 2611 922 2661; x_wconf 88' lang='lat' dir='ltr'><strong>sancte</strong></span> <span class='ocrx_word' id='word_1_81' title='bbox 963 2601 1310 2660; x_wconf 88' lang='lat' dir='ltr'><strong>Sanctorum</strong></span> <span class='ocrx_word' id='word_1_82' title='bbox 1351 2601 1530 2674; x_wconf 86' lang='lat' dir='ltr'><strong>Deus,</strong></span> 
     </span>
     <span class='ocr_line' id='line_1_20' title="bbox 624 2683 1463 2760; baseline 0.002 -19"><span class='ocrx_word' id='word_1_83' title='bbox 624 2683 826 2755; x_wconf 85' lang='lat' dir='ltr'><strong>Quam</strong></span> <span class='ocrx_word' id='word_1_84' title='bbox 866 2702 1012 2760; x_wconf 84' lang='lat' dir='ltr'>pura</span> <span class='ocrx_word' id='word_1_85' title='bbox 1052 2703 1180 2743; x_wconf 87' lang='lat' dir='ltr'><strong>sese</strong></span> <span class='ocrx_word' id='word_1_86' title='bbox 1223 2685 1463 2743; x_wconf 89' lang='lat' dir='ltr'><strong>devovet</strong></span> 
     </span>
     <span class='ocr_line' id='line_1_21' title="bbox 625 2765 1343 2841; baseline 0.001 -19"><span class='ocrx_word' id='word_1_87' title='bbox 625 2765 835 2840; x_wconf 83' lang='lat' dir='ltr'><strong>Ignota</strong></span> <span class='ocrx_word' id='word_1_88' title='bbox 876 2767 1068 2841; x_wconf 86' lang='lat' dir='ltr'><strong>prisco</strong></span> <span class='ocrx_word' id='word_1_89' title='bbox 1108 2765 1343 2837; x_wconf 87' lang='lat' dir='ltr'><strong>foederi,</strong></span> 
     </span>
     <span class='ocr_line' id='line_1_22' title="bbox 626 2847 1345 2906; baseline 0.003 -3"><span class='ocrx_word' id='word_1_90' title='bbox 626 2847 793 2905; x_wconf 84' lang='lat' dir='ltr'><strong>Tuas</strong></span> <span class='ocrx_word' id='word_1_91' title='bbox 836 2848 911 2905; x_wconf 82' lang='lat' dir='ltr'><strong>ad</strong></span> <span class='ocrx_word' id='word_1_92' title='bbox 951 2866 1079 2906; x_wconf 84' lang='lat' dir='ltr'>aras</span> <span class='ocrx_word' id='word_1_93' title='bbox 1120 2847 1345 2906; x_wconf 78' lang='lat' dir='ltr'><strong>hostia!</strong></span> 
     </span>
    </p>
   </div>
   <div class='ocr_carea' id='block_1_8' title="bbox 619 3008 1450 3330">
    <p class='ocr_par' dir='ltr' id='par_1_9' title="bbox 619 3008 1450 3330">
     <span class='ocr_line' id='line_1_23' title="bbox 619 3008 1333 3084; baseline 0.004 -18"><span class='ocrx_word' id='word_1_94' title='bbox 619 3008 835 3067; x_wconf 83' lang='lat' dir='ltr'><strong>Afflata</strong></span> <span class='ocrx_word' id='word_1_95' title='bbox 872 3027 1021 3084; x_wconf 87' lang='lat' dir='ltr'><strong>puro</strong></span> <span class='ocrx_word' id='word_1_96' title='bbox 1061 3008 1333 3082; x_wconf 84' lang='lat' dir='ltr'><strong>Numine,</strong></span> 
     </span>
     <span class='ocr_line' id='line_1_24' title="bbox 627 3090 1450 3168; baseline 0.004 -20"><span class='ocrx_word' id='word_1_97' title='bbox 627 3090 868 3149; x_wconf 82' lang='lat' dir='ltr'><strong>Taedas</strong></span> <span class='ocrx_word' id='word_1_98' title='bbox 905 3091 1132 3167; x_wconf 68' lang='lat' dir='ltr'><strong>jugales</strong></span> <span class='ocrx_word' id='word_1_99' title='bbox 1173 3110 1450 3168; x_wconf 86' lang='lat' dir='ltr'><strong>respuens</strong></span> 
     </span>
     <span class='ocr_line' id='line_1_25' title="bbox 628 3171 1355 3249; baseline 0.004 -20"><span class='ocrx_word' id='word_1_100' title='bbox 628 3171 834 3243; x_wconf 84' lang='lat' dir='ltr'>Maria,</span> <span class='ocrx_word' id='word_1_101' title='bbox 877 3173 1065 3231; x_wconf 87' lang='lat' dir='ltr'><strong>vinclo</strong></span> <span class='ocrx_word' id='word_1_102' title='bbox 1105 3175 1355 3249; x_wconf 86' lang='lat' dir='ltr'><strong>perpetis</strong></span> 
     </span>
     <span class='ocr_line' id='line_1_26' title="bbox 627 3254 1297 3330; baseline 0.003 -18"><span class='ocrx_word' id='word_1_103' title='bbox 627 3254 707 3312; x_wconf 88' lang='lat' dir='ltr'><strong>Se</strong></span> <span class='ocrx_word' id='word_1_104' title='bbox 751 3255 1022 3313; x_wconf 83' lang='lat' dir='ltr'><strong>castitatis</strong></span> <span class='ocrx_word' id='word_1_105' title='bbox 1063 3256 1297 3330; x_wconf 83' lang='lat' dir='ltr'><strong>obligat.</strong></span> 
     </span>
    </p>
   </div>
   <div class='ocr_carea' id='block_1_9' title="bbox 1801 424 1905 495">
    <p class='ocr_par' dir='ltr' id='par_1_10' title="bbox 1801 424 1905 495">
     <span class='ocr_line' id='line_1_27' title="bbox 1801 424 1905 495; baseline -0.019 -15"><span class='ocrx_word' id='word_1_106' title='bbox 1801 424 1905 495; x_wconf 88' lang='lat'><strong>165</strong></span> 
     </span>
    </p>
   </div>
  </div>
 </body>
</html>
